curr_time,product_id,event_type,trade_time,trade_id,sequence,price,size,side,maker_order_id,taker_order_id
2026-03-21T09:16:03.420132+00:00,SOL-USD,match,2026-03-21T09:16:03.851569Z,328324937,28294528541,90.16,0.198,sell,5140a7aa-1db5-48c8-bd1f-6668ac38d3ba,6f836c83-bdd5-40fa-8e8e-ff0da8f24720
2026-03-21T09:16:03.677784+00:00,BTC-USD,match,2026-03-21T09:16:04.111143Z,984871887,124585301127,70692.31,4.4e-07,sell,33aa6f28-1117-49e5-848e-8a7638318497,9ff03782-d03a-416b-8726-93848f2ab4b9
2026-03-21T09:16:04.838293+00:00,BTC-USD,match,2026-03-21T09:16:05.273301Z,984871888,124585301440,70692.31,4.4e-07,sell,33aa6f28-1117-49e5-848e-8a7638318497,b1e308b5-1f67-43e1-88b7-77f70279d560
2026-03-21T09:16:05.340013+00:00,SOL-USD,match,2026-03-21T09:16:05.775927Z,328324938,28294528685,90.15,0.00499168,buy,83dcd377-52ad-4c89-8287-da3a7845e408,752c1a47-da6d-433a-b5cf-5793d94f20b9
2026-03-21T09:16:05.340212+00:00,SOL-USD,match,2026-03-21T09:16:05.775927Z,328324939,28294528687,90.15,0.00244037,buy,81d519f2-ca61-424e-9601-958a21aa9556,752c1a47-da6d-433a-b5cf-5793d94f20b9
2026-03-21T09:16:05.340329+00:00,SOL-USD,match,2026-03-21T09:16:05.775927Z,328324940,28294528689,90.15,0.00122018,buy,d0cd044a-efba-4de3-bb6a-c644e8e3351e,752c1a47-da6d-433a-b5cf-5793d94f20b9
2026-03-21T09:16:05.340392+00:00,SOL-USD,match,2026-03-21T09:16:05.775927Z,328324941,28294528691,90.15,0.00066555,buy,60b53d2c-18fd-46bf-938b-c20a0b90abe5,752c1a47-da6d-433a-b5cf-5793d94f20b9
2026-03-21T09:16:05.340469+00:00,SOL-USD,match,2026-03-21T09:16:05.775927Z,328324942,28294528693,90.15,0.00033277,buy,8518d640-deaa-4d7e-a42b-314bee7b4d70,752c1a47-da6d-433a-b5cf-5793d94f20b9
2026-03-21T09:16:05.340555+00:00,SOL-USD,match,2026-03-21T09:16:05.775927Z,328324943,28294528695,90.15,0.0051026,buy,bf3780ab-a35f-4769-940b-6fa94e437495,752c1a47-da6d-433a-b5cf-5793d94f20b9
2026-03-21T09:16:05.340631+00:00,SOL-USD,match,2026-03-21T09:16:05.775927Z,328324944,28294528697,90.15,0.013,buy,4f66cf5e-67e9-4377-85b3-47f8b66150ff,752c1a47-da6d-433a-b5cf-5793d94f20b9
2026-03-21T09:16:05.340693+00:00,SOL-USD,match,2026-03-21T09:16:05.775927Z,328324945,28294528699,90.15,0.57441554,buy,3d18482f-2a47-47c1-ac22-1457fcc6defd,752c1a47-da6d-433a-b5cf-5793d94f20b9
2026-03-21T09:16:05.340752+00:00,SOL-USD,match,2026-03-21T09:16:05.775927Z,328324946,28294528701,90.15,5.75956851,buy,d32593dc-1652-45c0-9a3f-40035df74da3,752c1a47-da6d-433a-b5cf-5793d94f20b9
2026-03-21T09:16:05.347484+00:00,BTC-USD,match,2026-03-21T09:16:05.777793Z,984871889,124585301672,70692.3,5.63e-06,buy,198a5226-14b5-4aae-8c48-1ad3a1f2dc4c,2dce67ff-1324-44d1-b04c-bc30c67b83df
2026-03-21T09:16:05.347575+00:00,BTC-USD,match,2026-03-21T09:16:05.777793Z,984871890,124585301674,70692.3,0.00014891,buy,5fc91201-8a82-40e2-8878-4e781db34e00,2dce67ff-1324-44d1-b04c-bc30c67b83df
2026-03-21T09:16:05.347671+00:00,BTC-USD,match,2026-03-21T09:16:05.777793Z,984871891,124585301676,70692.3,6.5e-05,buy,7b0ad423-a41d-44ba-a172-42a5273021c9,2dce67ff-1324-44d1-b04c-bc30c67b83df
2026-03-21T09:16:05.347746+00:00,BTC-USD,match,2026-03-21T09:16:05.777793Z,984871892,124585301678,70692.3,8.911e-05,buy,2e460f9e-13f0-4fe6-8527-9f3987aeccc6,2dce67ff-1324-44d1-b04c-bc30c67b83df
2026-03-21T09:16:05.347813+00:00,BTC-USD,match,2026-03-21T09:16:05.777793Z,984871893,124585301680,70692.3,0.00020921,buy,564729f7-5ab7-4de1-9bc3-8fa94b5be97a,2dce67ff-1324-44d1-b04c-bc30c67b83df
2026-03-21T09:16:05.347936+00:00,BTC-USD,match,2026-03-21T09:16:05.777793Z,984871894,124585301682,70691.55,0.001416,buy,edb9a8ea-52e9-43d1-a867-ba01f9a76cd4,2dce67ff-1324-44d1-b04c-bc30c67b83df
2026-03-21T09:16:05.348042+00:00,BTC-USD,match,2026-03-21T09:16:05.777793Z,984871895,124585301684,70690.53,0.00014145,buy,9305032b-497f-4b3a-9a80-1d52b0ace382,2dce67ff-1324-44d1-b04c-bc30c67b83df
2026-03-21T09:16:05.349328+00:00,XRP-USD,match,2026-03-21T09:16:05.781442Z,222842477,19507059890,1.4411,191.186683,buy,933efd71-aba4-4da0-a044-b93da39ae616,e3b2e64e-c679-4402-9a38-ea8acb60ad39
2026-03-21T09:16:05.374020+00:00,ETH-USD,match,2026-03-21T09:16:05.804284Z,787771618,95522708041,2156.55,0.001,buy,112ec00d-acec-496d-a003-a7bebea00a1e,1680df6e-c8eb-4b27-8c75-76cbd3729f87
2026-03-21T09:16:05.374154+00:00,ETH-USD,match,2026-03-21T09:16:05.804284Z,787771619,95522708043,2156.55,0.00059351,buy,97346f4b-6ead-4a7b-b802-81f14819c9a3,1680df6e-c8eb-4b27-8c75-76cbd3729f87
2026-03-21T09:16:05.374210+00:00,ETH-USD,match,2026-03-21T09:16:05.804284Z,787771620,95522708045,2156.55,0.00125199,buy,76c96c88-0c44-4c7b-8925-8b9dbc4358a2,1680df6e-c8eb-4b27-8c75-76cbd3729f87
2026-03-21T09:16:05.374259+00:00,ETH-USD,match,2026-03-21T09:16:05.804284Z,787771621,95522708047,2156.54,5e-08,buy,00589370-1963-42a9-8d61-a95b47ccfd13,1680df6e-c8eb-4b27-8c75-76cbd3729f87
2026-03-21T09:16:05.374310+00:00,ETH-USD,match,2026-03-21T09:16:05.804284Z,787771622,95522708049,2156.53,0.00746,buy,1c6a3dc7-d4c6-4bc5-94d8-e7ec0428ef7a,1680df6e-c8eb-4b27-8c75-76cbd3729f87
2026-03-21T09:16:05.374359+00:00,ETH-USD,match,2026-03-21T09:16:05.804284Z,787771623,95522708051,2156.53,0.006,buy,52915d6a-43e0-4af6-a9cc-adf6da6cf927,1680df6e-c8eb-4b27-8c75-76cbd3729f87
2026-03-21T09:16:05.400848+00:00,XRP-USD,match,2026-03-21T09:16:05.837294Z,222842478,19507060077,1.441,0.8,buy,b5583205-c8ec-4d28-af25-496103c0b8fb,7b1e0f31-bc6d-40cb-85ac-4696d1ef797c
2026-03-21T09:16:05.452205+00:00,BTC-USD,match,2026-03-21T09:16:05.885066Z,984871896,124585302383,70689.15,1.6e-05,buy,63ca00ef-f609-457f-b4f8-dd2d4d71b24e,891cfaec-6682-4dff-8332-989c4e686ce6
2026-03-21T09:16:05.452822+00:00,BTC-USD,match,2026-03-21T09:16:05.885066Z,984871897,124585302385,70689.15,0.001416,buy,651fbd50-7556-4e4e-bf09-be3e5434d490,891cfaec-6682-4dff-8332-989c4e686ce6
2026-03-21T09:16:05.542775+00:00,XRP-USD,match,2026-03-21T09:16:05.976934Z,222842479,19507060252,1.4409,0.8,buy,1f6bd48d-0922-4d8b-8c90-c0d60ebd1646,ee62bfcf-ae83-4597-b5df-80bce29e8fdf
2026-03-21T09:16:05.636411+00:00,XRP-USD,match,2026-03-21T09:16:06.066714Z,222842480,19507060391,1.4408,0.8,buy,19ebe5c3-44e8-43c4-88f4-3cb581288180,f2bae681-1cef-410a-a612-ac740c9ea7a8
2026-03-21T09:16:05.636553+00:00,XRP-USD,match,2026-03-21T09:16:06.066714Z,222842481,19507060393,1.4407,0.8,buy,1c6d40b7-71a7-4cb1-841c-2981e77cc07a,f2bae681-1cef-410a-a612-ac740c9ea7a8
2026-03-21T09:16:05.636624+00:00,XRP-USD,match,2026-03-21T09:16:06.066714Z,222842482,19507060395,1.4406,0.8,buy,ac19d44e-ba08-433b-be4c-00e199339e37,f2bae681-1cef-410a-a612-ac740c9ea7a8
2026-03-21T09:16:05.636686+00:00,XRP-USD,match,2026-03-21T09:16:06.066714Z,222842483,19507060397,1.4406,184.592051,buy,07b0f666-fa22-4480-bd61-6747ebdeca64,f2bae681-1cef-410a-a612-ac740c9ea7a8
2026-03-21T09:16:05.943068+00:00,ETH-USD,match,2026-03-21T09:16:06.378236Z,787771624,95522708590,2156.48,0.00055525,sell,687c9bc2-e209-4721-a2c2-fb7dfc3b78bc,73adc37e-8b3b-4de6-8881-a28e0ab1f91c
2026-03-21T09:16:06.031333+00:00,BTC-USD,match,2026-03-21T09:16:06.466851Z,984871898,124585303232,70686.01,4.4e-07,sell,8d6bc86a-5161-4415-838e-a83b8a8f7bfa,77730e91-81c3-4162-9ded-952cf86c2073
2026-03-21T09:16:06.228594+00:00,ETH-USD,match,2026-03-21T09:16:06.651090Z,787771625,95522708652,2156.47,5e-08,buy,886e7e42-c0d6-4217-b1fe-a357a93f78bd,7da82dbe-df5f-41d2-bdaf-055f5a6a59fb
2026-03-21T09:16:06.228782+00:00,ETH-USD,match,2026-03-21T09:16:06.651090Z,787771626,95522708654,2156.47,0.00023186,buy,32993a69-5211-4088-bf20-371034dfab79,7da82dbe-df5f-41d2-bdaf-055f5a6a59fb
2026-03-21T09:16:06.228862+00:00,ETH-USD,match,2026-03-21T09:16:06.651090Z,787771627,95522708656,2156.46,5e-08,buy,90f3dab9-2197-46fe-b1e8-d9a4b1f7e83e,7da82dbe-df5f-41d2-bdaf-055f5a6a59fb
2026-03-21T09:16:06.228937+00:00,ETH-USD,match,2026-03-21T09:16:06.651090Z,787771628,95522708658,2156.45,5e-08,buy,76e025ef-bd95-43c5-a6ad-fa7c248aeb31,7da82dbe-df5f-41d2-bdaf-055f5a6a59fb
2026-03-21T09:16:06.229016+00:00,ETH-USD,match,2026-03-21T09:16:06.651090Z,787771629,95522708660,2156.45,0.00299,buy,82bfeeb4-0520-4127-b2d6-294973fa9e30,7da82dbe-df5f-41d2-bdaf-055f5a6a59fb
2026-03-21T09:16:06.969251+00:00,ETH-USD,match,2026-03-21T09:16:07.404791Z,787771630,95522708828,2156.45,0.00186087,sell,7da82dbe-df5f-41d2-bdaf-055f5a6a59fb,64b7a105-d52a-44f3-9e95-2b52e68a39bf
2026-03-21T09:16:06.969381+00:00,ETH-USD,match,2026-03-21T09:16:07.404791Z,787771631,95522708830,2156.45,0.00825578,sell,459e035d-5b1a-4035-a5cb-588d9bcae260,64b7a105-d52a-44f3-9e95-2b52e68a39bf
2026-03-21T09:16:07.173150+00:00,BTC-USD,match,2026-03-21T09:16:07.605440Z,984871899,124585303890,70686.01,4.4e-07,sell,8d6bc86a-5161-4415-838e-a83b8a8f7bfa,58419696-3217-453a-8baf-116cc661b745
2026-03-21T09:16:07.708162+00:00,BTC-USD,match,2026-03-21T09:16:08.141181Z,984871900,124585304174,70686.01,0.00124219,sell,8d6bc86a-5161-4415-838e-a83b8a8f7bfa,58fa9228-c59a-4a16-b185-13d18c4c45b9
2026-03-21T09:16:07.709964+00:00,BTC-USD,match,2026-03-21T09:16:08.143676Z,984871901,124585304177,70686.01,7.361e-05,sell,8d6bc86a-5161-4415-838e-a83b8a8f7bfa,23063371-cb9c-4264-9493-9b51b6a874f7
2026-03-21T09:16:08.310826+00:00,BTC-USD,match,2026-03-21T09:16:08.746920Z,984871902,124585304343,70686.01,4.4e-07,sell,8d6bc86a-5161-4415-838e-a83b8a8f7bfa,2607ea17-1974-4b46-99da-561d7a13ad40
2026-03-21T09:16:08.318447+00:00,ETH-USD,match,2026-03-21T09:16:08.754920Z,787771632,95522709015,2156.44,0.001,buy,ebde8faf-d663-4caf-bb6d-0d0943c24a6d,e9e5934a-727c-4196-a763-1d78849c565d
2026-03-21T09:16:08.318557+00:00,ETH-USD,match,2026-03-21T09:16:08.754920Z,787771633,95522709017,2156.35,5e-08,buy,9957a6a2-3b79-49e7-bbf4-40ea05e6c0a9,e9e5934a-727c-4196-a763-1d78849c565d
2026-03-21T09:16:08.318611+00:00,ETH-USD,match,2026-03-21T09:16:08.754920Z,787771634,95522709019,2156.34,5e-08,buy,b59f8917-582b-47e9-88b5-19f5b9b60ac3,e9e5934a-727c-4196-a763-1d78849c565d
2026-03-21T09:16:08.318662+00:00,ETH-USD,match,2026-03-21T09:16:08.754920Z,787771635,95522709021,2156.33,0.00096919,buy,89a05755-0a15-401a-b196-f45dc6cba00a,e9e5934a-727c-4196-a763-1d78849c565d
2026-03-21T09:16:08.437182+00:00,XRP-USD,match,2026-03-21T09:16:08.868834Z,222842484,19507060806,1.4407,5.0,sell,3eaba6d5-43cb-4b0d-a1b3-5e52c58fd443,cbc40b45-a12a-44c7-bcfe-b361cb196e87
2026-03-21T09:16:08.453704+00:00,ETH-USD,match,2026-03-21T09:16:08.890572Z,787771636,95522709127,2156.34,0.00252,sell,c8d87d8e-7efb-4ecd-b4e2-4ee1f15c43d1,ac926fae-cbb7-433a-9fc9-82f187958c4d
2026-03-21T09:16:08.966400+00:00,SOL-USD,match,2026-03-21T09:16:09.402510Z,328324947,28294529386,90.14,0.013,buy,58da67c3-ce0e-45d7-a645-5a8a6b5a2a95,91f8c8fa-bce3-4e2d-87af-b3e8281d419c
2026-03-21T09:16:08.966598+00:00,SOL-USD,match,2026-03-21T09:16:09.402510Z,328324948,28294529388,90.14,0.00255158,buy,71018244-4656-44d9-937e-b49be73a51dd,91f8c8fa-bce3-4e2d-87af-b3e8281d419c
2026-03-21T09:16:08.966709+00:00,SOL-USD,match,2026-03-21T09:16:09.402510Z,328324949,28294529390,90.14,0.00798757,buy,b6c823ba-815e-4915-b0e8-17a28d8f9312,91f8c8fa-bce3-4e2d-87af-b3e8281d419c
2026-03-21T09:16:08.966802+00:00,SOL-USD,match,2026-03-21T09:16:09.402510Z,328324950,28294529392,90.14,4.9501988,buy,dc923f69-9188-49ca-a013-5e2010b2e807,91f8c8fa-bce3-4e2d-87af-b3e8281d419c
2026-03-21T09:16:09.300999+00:00,SOL-USD,match,2026-03-21T09:16:09.737155Z,328324951,28294529508,90.14,0.32333925,sell,7432b177-2ea4-4136-8fbf-600931aac3e4,62a8e3c9-e053-4dc6-b6f1-5aadbc3e8f26
2026-03-21T09:16:09.427872+00:00,BTC-USD,match,2026-03-21T09:16:09.863382Z,984871903,124585304582,70686.01,4.4e-07,sell,8d6bc86a-5161-4415-838e-a83b8a8f7bfa,dbb38035-eabe-427d-8fbf-c23085909f5c
2026-03-21T09:16:09.617089+00:00,SOL-USD,match,2026-03-21T09:16:10.053732Z,328324952,28294529533,90.13,0.013,buy,63b3e3bc-c4c9-4c92-85a2-44ce68aa3b09,16d9b2a7-c145-4c17-9bf3-c74e8636b09d
2026-03-21T09:16:09.617295+00:00,SOL-USD,match,2026-03-21T09:16:10.053732Z,328324953,28294529535,90.13,0.1247273,buy,1c9724d4-3ca7-4a57-9877-85eb64b25c44,16d9b2a7-c145-4c17-9bf3-c74e8636b09d
2026-03-21T09:16:10.612266+00:00,BTC-USD,match,2026-03-21T09:16:11.047770Z,984871904,124585304823,70686.01,4.4e-07,sell,8d6bc86a-5161-4415-838e-a83b8a8f7bfa,2805ad78-d195-4c98-a672-7d8c8de83038
2026-03-21T09:16:10.714601+00:00,BTC-USD,match,2026-03-21T09:16:11.144477Z,984871905,124585304841,70686.0,1.6e-05,buy,eb3a5e62-cdbb-43e1-a717-62a6d875e9af,52b4fe8f-9617-4bb2-9d22-3ac65c04e3fe
2026-03-21T09:16:10.714769+00:00,BTC-USD,match,2026-03-21T09:16:11.144477Z,984871906,124585304843,70686.0,0.001416,buy,6918eac9-a5f6-4965-be83-572cf8c79aba,52b4fe8f-9617-4bb2-9d22-3ac65c04e3fe
2026-03-21T09:16:10.714842+00:00,BTC-USD,match,2026-03-21T09:16:11.144477Z,984871907,124585304845,70686.0,1.273e-05,buy,e98ef081-d79a-4eca-8d1f-44e288ba7e76,52b4fe8f-9617-4bb2-9d22-3ac65c04e3fe
2026-03-21T09:16:10.714896+00:00,BTC-USD,match,2026-03-21T09:16:11.144477Z,984871908,124585304847,70686.0,4.909e-05,buy,b87bd772-ec1f-4a9b-ba4e-714a8ebf52f2,52b4fe8f-9617-4bb2-9d22-3ac65c04e3fe
2026-03-21T09:16:10.714944+00:00,BTC-USD,match,2026-03-21T09:16:11.144477Z,984871909,124585304849,70686.0,6.18e-06,buy,f8615eb8-7c9d-420f-bbed-aa907e9388e1,52b4fe8f-9617-4bb2-9d22-3ac65c04e3fe
2026-03-21T09:16:10.714991+00:00,BTC-USD,match,2026-03-21T09:16:11.147243Z,984871910,124585304855,70686.0,1.184e-05,buy,f8615eb8-7c9d-420f-bbed-aa907e9388e1,7fdb00a5-8cd2-49b3-9ccf-db3668b20bed
2026-03-21T09:16:10.715038+00:00,BTC-USD,match,2026-03-21T09:16:11.147243Z,984871911,124585304857,70684.23,0.00014147,buy,2f79488a-e3ef-4ebd-acb8-a72b61d3f0aa,7fdb00a5-8cd2-49b3-9ccf-db3668b20bed
2026-03-21T09:16:11.806761+00:00,BTC-USD,match,2026-03-21T09:16:12.240022Z,984871912,124585305694,70682.86,4.4e-07,sell,0730bacf-8b49-48f7-848b-66365f07b826,feeea3db-8d71-4b1b-843f-f7fb173ae176
2026-03-21T09:16:12.971220+00:00,BTC-USD,match,2026-03-21T09:16:13.406552Z,984871913,124585305959,70682.86,4.4e-07,sell,0730bacf-8b49-48f7-848b-66365f07b826,f87e499d-8b38-440c-833f-755d692907be
2026-03-21T09:16:13.875205+00:00,ETH-USD,match,2026-03-21T09:16:14.311311Z,787771637,95522709768,2156.33,3.081e-05,buy,89a05755-0a15-401a-b196-f45dc6cba00a,0ee120b9-a6d8-4485-bced-57eeccdccd6e
2026-03-21T09:16:13.876594+00:00,ETH-USD,match,2026-03-21T09:16:14.311311Z,787771638,95522709770,2156.33,0.00060287,buy,3ba0f314-7ffe-482c-b37c-7bedb3458879,0ee120b9-a6d8-4485-bced-57eeccdccd6e
2026-03-21T09:16:13.878434+00:00,ETH-USD,match,2026-03-21T09:16:14.311311Z,787771639,95522709772,2156.31,2.5e-05,buy,a5599e44-aeb6-4a19-bca1-c488054f266d,0ee120b9-a6d8-4485-bced-57eeccdccd6e
2026-03-21T09:16:14.140208+00:00,BTC-USD,match,2026-03-21T09:16:14.576516Z,984871914,124585306140,70682.86,4.4e-07,sell,0730bacf-8b49-48f7-848b-66365f07b826,335323bd-c6bf-459f-9469-4b8ecabea8c9
2026-03-21T09:16:14.607950+00:00,BTC-USD,match,2026-03-21T09:16:15.038918Z,984871915,124585306212,70682.85,1e-05,buy,892c4c20-eca0-4a86-bf4b-e1f89c7dfa0b,7060137f-b8d5-4043-9279-9a67c2c8f136
2026-03-21T09:16:14.609519+00:00,SOL-USD,match,2026-03-21T09:16:15.046720Z,328324954,28294530078,90.14,0.00755888,sell,7432b177-2ea4-4136-8fbf-600931aac3e4,e55e4b92-e1ef-44c7-b361-0b8e7d0516bf
2026-03-21T09:16:15.321780+00:00,BTC-USD,match,2026-03-21T09:16:15.756545Z,984871916,124585306393,70682.86,4.4e-07,sell,0730bacf-8b49-48f7-848b-66365f07b826,a1bcac36-e425-4b56-8935-5a04ec355336
2026-03-21T09:16:16.262057+00:00,BTC-USD,match,2026-03-21T09:16:16.696650Z,984871917,124585306555,70682.85,2.2e-07,buy,892c4c20-eca0-4a86-bf4b-e1f89c7dfa0b,3c984508-256a-4429-b087-1ae4b7a879e6
2026-03-21T09:16:16.429934+00:00,BTC-USD,match,2026-03-21T09:16:16.865058Z,984871918,124585306585,70682.86,4.4e-07,sell,0730bacf-8b49-48f7-848b-66365f07b826,04915d66-6fbd-4827-bbbb-5342f0838938
2026-03-21T09:16:17.623194+00:00,BTC-USD,match,2026-03-21T09:16:18.057531Z,984871919,124585306746,70682.86,4.4e-07,sell,0730bacf-8b49-48f7-848b-66365f07b826,bfceba9c-2da3-4dcd-ae74-b208d7763c8d
2026-03-21T09:16:18.519118+00:00,XRP-USD,match,2026-03-21T09:16:18.955940Z,222842485,19507061349,1.4409,13.1661,sell,ee62bfcf-ae83-4597-b5df-80bce29e8fdf,e487180c-e3dd-4654-bfdd-61f311448100
2026-03-21T09:16:18.579872+00:00,ETH-USD,match,2026-03-21T09:16:19.005376Z,787771640,95522710382,2156.32,0.04398745,sell,1158b3ec-aec0-4cb5-af5b-abb9c22c1688,f85d1a37-4545-450c-891e-c4920527afcd
2026-03-21T09:16:18.828104+00:00,BTC-USD,match,2026-03-21T09:16:19.263206Z,984871920,124585306980,70682.86,4.4e-07,sell,ff419e55-340d-44a6-9fda-bfd2bc31efd6,8e8fc17b-27d4-4869-abeb-8790f04eda4d
2026-03-21T09:16:19.620478+00:00,BTC-USD,match,2026-03-21T09:16:20.054328Z,984871921,124585307098,70682.86,2.306e-05,sell,ff419e55-340d-44a6-9fda-bfd2bc31efd6,3e969d08-7619-4ad6-ab0c-ef56019f38cf
2026-03-21T09:16:19.916184+00:00,BTC-USD,match,2026-03-21T09:16:20.350504Z,984871922,124585307127,70682.85,3.27e-06,buy,892c4c20-eca0-4a86-bf4b-e1f89c7dfa0b,13ac80c7-0aff-4422-b88a-dffd2205afe3
2026-03-21T09:16:19.946224+00:00,BTC-USD,match,2026-03-21T09:16:20.381752Z,984871923,124585307131,70682.86,4.4e-07,sell,ff419e55-340d-44a6-9fda-bfd2bc31efd6,7f9172fc-66a2-4db7-bd55-41fb1360c0c0
2026-03-21T09:16:20.312540+00:00,ETH-USD,match,2026-03-21T09:16:20.747189Z,787771641,95522710550,2156.32,0.00055538,sell,1158b3ec-aec0-4cb5-af5b-abb9c22c1688,0c6add25-5f35-4fb9-bc29-2995f8827b65
2026-03-21T09:16:21.147854+00:00,BTC-USD,match,2026-03-21T09:16:21.583412Z,984871924,124585307320,70682.86,4.4e-07,sell,ff419e55-340d-44a6-9fda-bfd2bc31efd6,592d4bcc-a26d-4ef7-977f-1a71ecde1aa5
2026-03-21T09:16:21.356438+00:00,SOL-USD,match,2026-03-21T09:16:21.793087Z,328324955,28294530819,90.14,0.0284488,sell,c128f18b-c502-4413-8158-dcde851d0927,c1e6c9a7-b9e2-4a41-85bd-6e9213e17ad9
2026-03-21T09:16:21.356634+00:00,SOL-USD,match,2026-03-21T09:16:21.793087Z,328324956,28294530821,90.15,0.04195169,sell,6be081f4-3665-48c6-912e-b8b5aa0c94b8,c1e6c9a7-b9e2-4a41-85bd-6e9213e17ad9
2026-03-21T09:16:22.261189+00:00,XRP-USD,match,2026-03-21T09:16:22.697967Z,222842486,19507061522,1.4407,13.683483,buy,b71d01b5-281d-4c8b-b27f-35d53ed4a4ea,d2c103e3-b3e0-4b28-91ba-92cfb5d9079c
2026-03-21T09:16:22.298177+00:00,XRP-USD,match,2026-03-21T09:16:22.734869Z,222842487,19507061525,1.4409,16.417634,sell,ee62bfcf-ae83-4597-b5df-80bce29e8fdf,60f59081-25ee-436e-af33-62625a7cdcff
2026-03-21T09:16:22.303240+00:00,BTC-USD,match,2026-03-21T09:16:22.736490Z,984871925,124585307426,70682.86,4.4e-07,sell,ff419e55-340d-44a6-9fda-bfd2bc31efd6,0cde37c9-a650-4cf4-96e4-a9759e815bbd
2026-03-21T09:16:23.474447+00:00,BTC-USD,match,2026-03-21T09:16:23.905139Z,984871926,124585307548,70682.86,4.4e-07,sell,ff419e55-340d-44a6-9fda-bfd2bc31efd6,e5efb582-c769-4570-9a1b-81c090afe02f
2026-03-21T09:16:24.646421+00:00,BTC-USD,match,2026-03-21T09:16:25.081011Z,984871927,124585307783,70682.86,4.4e-07,sell,ff419e55-340d-44a6-9fda-bfd2bc31efd6,79b26890-ff61-4c26-9ddb-98aa3aced5d1
2026-03-21T09:16:25.814428+00:00,BTC-USD,match,2026-03-21T09:16:26.250705Z,984871928,124585307955,70682.86,4.4e-07,sell,ff419e55-340d-44a6-9fda-bfd2bc31efd6,915c104b-1d3e-44e8-88e5-99c87af1d595
2026-03-21T09:16:25.926441+00:00,SOL-USD,match,2026-03-21T09:16:26.362516Z,328324957,28294531385,90.15,1.52649143,sell,1c9f3c46-b79b-46fa-9e6d-3ccb6889965b,e60dd274-ec5a-46c1-a873-5b024860502f
2026-03-21T09:16:27.002672+00:00,BTC-USD,match,2026-03-21T09:16:27.438155Z,984871929,124585308127,70682.86,4.4e-07,sell,c60736d9-ad45-474b-a850-14b7bbe811f9,26ed544b-4100-4d01-85c5-d2d51319ffc4
2026-03-21T09:16:27.780607+00:00,BTC-USD,match,2026-03-21T09:16:28.215635Z,984871930,124585308273,70682.85,2.51e-06,buy,892c4c20-eca0-4a86-bf4b-e1f89c7dfa0b,22f017cb-b5d7-4f48-b7e9-7254c52c1a53
2026-03-21T09:16:27.780754+00:00,BTC-USD,match,2026-03-21T09:16:28.215635Z,984871931,124585308275,70682.85,0.00026449,buy,757ee2c1-9284-4f47-97b9-ccb763cf07b0,22f017cb-b5d7-4f48-b7e9-7254c52c1a53
2026-03-21T09:16:28.166506+00:00,BTC-USD,match,2026-03-21T09:16:28.600435Z,984871932,124585308350,70682.86,4.4e-07,sell,c60736d9-ad45-474b-a850-14b7bbe811f9,cee3f647-f050-426b-8c40-a8c586723469
2026-03-21T09:16:28.185671+00:00,ETH-USD,match,2026-03-21T09:16:28.620755Z,787771642,95522711115,2156.31,0.00063085,buy,81883983-2657-4dc4-bf83-fc9311584ab2,a181f29e-028f-4ea7-af4b-39fdb595d7b9
2026-03-21T09:16:29.109734+00:00,SOL-USD,match,2026-03-21T09:16:29.546528Z,328324958,28294531984,90.15,0.57441554,buy,ee9504d8-7d35-4af4-91b8-2a3322f7e842,6f51d41d-fd9d-4585-b749-39ba58d76ea1
2026-03-21T09:16:29.109895+00:00,SOL-USD,match,2026-03-21T09:16:29.546528Z,328324959,28294531986,90.15,4.20522646,buy,d9d7d148-d897-4355-ad5d-5ed8d62ace5a,6f51d41d-fd9d-4585-b749-39ba58d76ea1
2026-03-21T09:16:29.289882+00:00,BTC-USD,match,2026-03-21T09:16:29.723443Z,984871933,124585308861,70682.86,4.4e-07,sell,c60736d9-ad45-474b-a850-14b7bbe811f9,308038c3-53ff-4147-8a54-e3df19c92476
2026-03-21T09:16:30.246240+00:00,XRP-USD,match,2026-03-21T09:16:30.681188Z,222842488,19507062021,1.4409,32.910681,sell,00fbce1e-d440-4118-a52a-fb5262f1ae7b,3b0d4b5a-5e9c-4bcd-bae6-a81f595fca2f
2026-03-21T09:16:30.451356+00:00,BTC-USD,match,2026-03-21T09:16:30.883278Z,984871934,124585309402,70682.86,4.4e-07,sell,2cab3d04-5165-4030-abbf-c282308e9c65,4c076147-7637-43e3-8ac6-4d1ff814b63d
2026-03-21T09:16:31.106926+00:00,ETH-USD,match,2026-03-21T09:16:31.543701Z,787771643,95522711379,2156.32,0.00218078,sell,1158b3ec-aec0-4cb5-af5b-abb9c22c1688,1f54469d-6d3d-4d80-9686-22d3defde1ff
2026-03-21T09:16:31.602478+00:00,BTC-USD,match,2026-03-21T09:16:32.038851Z,984871935,124585309614,70682.86,4.4e-07,sell,2cab3d04-5165-4030-abbf-c282308e9c65,3cbee409-015a-4a10-8c8e-2899387ba3f1
2026-03-21T09:16:32.820632+00:00,BTC-USD,match,2026-03-21T09:16:33.253188Z,984871936,124585309818,70682.86,4.4e-07,sell,2cab3d04-5165-4030-abbf-c282308e9c65,824ac4e0-12fb-4fd0-b6c2-ab51415d0df1
2026-03-21T09:16:33.712510+00:00,ETH-USD,match,2026-03-21T09:16:34.148669Z,787771644,95522711512,2156.32,0.04681367,sell,1158b3ec-aec0-4cb5-af5b-abb9c22c1688,741650a5-337a-4e6f-bae5-7819a461c1f9
2026-03-21T09:16:33.712709+00:00,ETH-USD,match,2026-03-21T09:16:34.148669Z,787771645,95522711514,2156.32,0.23645895,sell,6c37d47e-6254-4b53-a480-c43c73a3798f,741650a5-337a-4e6f-bae5-7819a461c1f9
2026-03-21T09:16:33.712817+00:00,ETH-USD,match,2026-03-21T09:16:34.148669Z,787771646,95522711516,2156.32,0.00413407,sell,43378ef6-8337-4afe-8d0c-fba9eaa812a7,741650a5-337a-4e6f-bae5-7819a461c1f9
2026-03-21T09:16:33.712880+00:00,ETH-USD,match,2026-03-21T09:16:34.148669Z,787771647,95522711518,2156.32,0.17170804,sell,68ec574c-7d77-4f19-adc1-79bd22c3bcaa,741650a5-337a-4e6f-bae5-7819a461c1f9
2026-03-21T09:16:33.928632+00:00,BTC-USD,match,2026-03-21T09:16:34.363892Z,984871937,124585310091,70682.86,4.4e-07,sell,2cab3d04-5165-4030-abbf-c282308e9c65,c5785003-4cee-49ef-8b51-e71e5ae0a36d
2026-03-21T09:16:34.587038+00:00,ETH-USD,match,2026-03-21T09:16:35.002996Z,787771648,95522711566,2156.32,0.00055538,sell,bf499f6d-17c3-4494-9119-caf1cb639406,d832e577-a811-41b5-965e-ac157af71f8b
2026-03-21T09:16:34.699945+00:00,BTC-USD,match,2026-03-21T09:16:35.135962Z,984871938,124585310255,70682.86,0.00011745,sell,2cab3d04-5165-4030-abbf-c282308e9c65,fdbaec73-ecc6-406a-b444-ba284692a7a0
2026-03-21T09:16:34.700085+00:00,BTC-USD,match,2026-03-21T09:16:35.135962Z,984871939,124585310257,70682.86,2.2e-07,sell,236bdb86-5b57-4702-b490-9cf7bee0615f,fdbaec73-ecc6-406a-b444-ba284692a7a0
2026-03-21T09:16:34.700161+00:00,BTC-USD,match,2026-03-21T09:16:35.135962Z,984871940,124585310259,70682.86,1.886e-05,sell,4693d2a0-6130-400c-97b7-0d64d142fce4,fdbaec73-ecc6-406a-b444-ba284692a7a0
2026-03-21T09:16:34.925816+00:00,ETH-USD,match,2026-03-21T09:16:35.360955Z,787771649,95522711584,2156.32,0.007571,sell,f5be9441-e169-49f6-a1db-6d10b14bb7dc,cfc8810e-d695-4aa3-8ba0-c2b4f8c4d26f
2026-03-21T09:16:35.087835+00:00,BTC-USD,match,2026-03-21T09:16:35.523382Z,984871941,124585310338,70682.86,4.4e-07,sell,4693d2a0-6130-400c-97b7-0d64d142fce4,533a516b-3370-4fa4-b608-eca3fc9b8d5e
2026-03-21T09:16:35.473234+00:00,BTC-USD,match,2026-03-21T09:16:35.909540Z,984871942,124585310409,70682.86,0.00020622,sell,4693d2a0-6130-400c-97b7-0d64d142fce4,af57c8f6-1f6b-4ddd-8106-4e8d1ef1b112
2026-03-21T09:16:36.213571+00:00,BTC-USD,match,2026-03-21T09:16:36.646948Z,984871943,124585310532,70682.86,4.4e-07,sell,4693d2a0-6130-400c-97b7-0d64d142fce4,4d7207df-0fb2-4849-9f24-bc1407bd4f91
2026-03-21T09:16:36.687049+00:00,BTC-USD,match,2026-03-21T09:16:37.120934Z,984871944,124585310610,70682.86,0.00049213,sell,4693d2a0-6130-400c-97b7-0d64d142fce4,99cf0dae-a22a-4151-a5d0-e0e0a65a6c40
2026-03-21T09:16:37.282813+00:00,BTC-USD,match,2026-03-21T09:16:37.705094Z,984871945,124585310707,70682.86,0.00080522,sell,4693d2a0-6130-400c-97b7-0d64d142fce4,163caf33-a4d4-4998-bdd3-8b2d22352dff
2026-03-21T09:16:37.371134+00:00,BTC-USD,match,2026-03-21T09:16:37.804854Z,984871946,124585310731,70682.86,4.4e-07,sell,4693d2a0-6130-400c-97b7-0d64d142fce4,eb1257da-bc0c-4a29-8762-d51e40255188
2026-03-21T09:16:37.899870+00:00,ETH-USD,match,2026-03-21T09:16:38.335742Z,787771650,95522711744,2156.31,0.00884845,buy,81883983-2657-4dc4-bf83-fc9311584ab2,8ec42a80-ee7b-4942-b1d1-837365e70f95
2026-03-21T09:16:38.527213+00:00,BTC-USD,match,2026-03-21T09:16:38.961690Z,984871947,124585310981,70682.86,4.4e-07,sell,4693d2a0-6130-400c-97b7-0d64d142fce4,419caf46-9b5a-4fc3-8276-71df1ce11990
2026-03-21T09:16:38.577094+00:00,BTC-USD,match,2026-03-21T09:16:39.002572Z,984871948,124585310994,70682.85,0.00476414,buy,757ee2c1-9284-4f47-97b9-ccb763cf07b0,0d9bc71b-8ac7-43b6-866f-37f41c871710
2026-03-21T09:16:38.577302+00:00,BTC-USD,match,2026-03-21T09:16:39.002572Z,984871949,124585310996,70682.85,0.001416,buy,558306c8-13b8-40bc-9d7e-0f687c6f8ccf,0d9bc71b-8ac7-43b6-866f-37f41c871710
2026-03-21T09:16:38.577426+00:00,BTC-USD,match,2026-03-21T09:16:39.002572Z,984871950,124585310998,70682.85,1.82e-05,buy,9e4acbb0-4c1d-46ac-bdaf-c32cd2395f32,0d9bc71b-8ac7-43b6-866f-37f41c871710
2026-03-21T09:16:38.577505+00:00,BTC-USD,match,2026-03-21T09:16:39.002572Z,984871951,124585311000,70682.85,0.00026144,buy,12ef40b8-43e4-4907-84b6-d777ab0e074a,0d9bc71b-8ac7-43b6-866f-37f41c871710
2026-03-21T09:16:38.577713+00:00,BTC-USD,match,2026-03-21T09:16:39.002572Z,984871952,124585311002,70682.85,1.273e-05,buy,bb1b47bb-257e-4aea-94de-9512810c3727,0d9bc71b-8ac7-43b6-866f-37f41c871710
2026-03-21T09:16:38.577825+00:00,BTC-USD,match,2026-03-21T09:16:39.002572Z,984871953,124585311004,70682.85,5.634e-05,buy,bf7eae47-22d6-4baf-ad65-c8e75e8bab38,0d9bc71b-8ac7-43b6-866f-37f41c871710
2026-03-21T09:16:38.632713+00:00,ETH-USD,match,2026-03-21T09:16:39.066862Z,787771651,95522711769,2156.31,0.00037151,buy,81883983-2657-4dc4-bf83-fc9311584ab2,cb9e0d8d-4db9-4ba2-bb66-187705879c43
2026-03-21T09:16:38.888352+00:00,BTC-USD,match,2026-03-21T09:16:39.323383Z,984871954,124585311065,70682.85,6.592e-05,buy,bf7eae47-22d6-4baf-ad65-c8e75e8bab38,b5937289-a026-451a-bebe-5cb789f8dd02
2026-03-21T09:16:39.380462+00:00,BTC-USD,match,2026-03-21T09:16:39.815468Z,984871955,124585311168,70682.85,1.678e-05,buy,bf7eae47-22d6-4baf-ad65-c8e75e8bab38,f3e0cf99-296f-4268-90a4-881ecb80e3de
2026-03-21T09:16:39.695697+00:00,BTC-USD,match,2026-03-21T09:16:40.131059Z,984871956,124585311220,70682.86,4.4e-07,sell,4693d2a0-6130-400c-97b7-0d64d142fce4,04b4ed45-8a17-4ef9-ab4f-d745882e0add
2026-03-21T09:16:39.787644+00:00,BTC-USD,match,2026-03-21T09:16:40.223454Z,984871957,124585311233,70682.86,2.689e-05,sell,4693d2a0-6130-400c-97b7-0d64d142fce4,baef6ec7-e00d-4279-965b-e1d68cc5cb6f
2026-03-21T09:16:39.907696+00:00,BTC-USD,match,2026-03-21T09:16:40.341591Z,984871958,124585311302,70682.86,2.701e-05,sell,4693d2a0-6130-400c-97b7-0d64d142fce4,be956670-dacb-4a3a-aeec-3928865d5133
2026-03-21T09:16:40.862210+00:00,BTC-USD,match,2026-03-21T09:16:41.296299Z,984871959,124585311485,70682.86,4.4e-07,sell,4693d2a0-6130-400c-97b7-0d64d142fce4,3ea65bf7-29f7-4a89-90e7-20f79841dbb7
2026-03-21T09:16:41.632469+00:00,ETH-USD,match,2026-03-21T09:16:42.065647Z,787771652,95522712164,2156.31,0.00059665,buy,032d9950-003c-4d9c-9cfb-f46135478063,70f33b19-fced-43ee-924f-f477ab144b1a
2026-03-21T09:16:41.632622+00:00,ETH-USD,match,2026-03-21T09:16:42.065647Z,787771653,95522712166,2156.31,0.00041737,buy,3072ab3b-d543-47be-8d64-1d07c247f311,70f33b19-fced-43ee-924f-f477ab144b1a
2026-03-21T09:16:41.726446+00:00,ETH-USD,match,2026-03-21T09:16:42.162308Z,787771654,95522712385,2156.3,0.00439833,sell,1bdf27aa-a7af-4029-a202-d9636b61e438,2f46f648-a6cb-4c2e-bdaa-52690dad7eb5
2026-03-21T09:16:42.010844+00:00,BTC-USD,match,2026-03-21T09:16:42.439154Z,984871960,124585311654,70682.86,4.4e-07,sell,4693d2a0-6130-400c-97b7-0d64d142fce4,8cfb4917-4e2d-4ec8-84c4-5c40e89cb64a
2026-03-21T09:16:42.062562+00:00,XRP-USD,match,2026-03-21T09:16:42.499308Z,222842489,19507062563,1.4408,1.511351,sell,950c4a55-ec80-4eec-897b-cedcb18fe851,219d835f-748b-4992-8e2a-43c83ccba8d8
2026-03-21T09:16:42.585988+00:00,ETH-USD,match,2026-03-21T09:16:43.011623Z,787771655,95522712452,2156.29,0.0006123,buy,8b70b183-9470-4afb-ada0-554acb78327e,9ed6c920-71e8-4ba3-9dbe-f98cb44b9636
2026-03-21T09:16:42.656508+00:00,BTC-USD,match,2026-03-21T09:16:43.090103Z,984871961,124585311761,70682.86,3.174e-05,sell,4693d2a0-6130-400c-97b7-0d64d142fce4,4dde19bd-4f03-4c6c-ad3f-92b89b01b8b2
2026-03-21T09:16:42.656648+00:00,BTC-USD,match,2026-03-21T09:16:43.090103Z,984871962,124585311763,70682.86,3.829e-05,sell,4810fc4b-111d-4343-9cce-5d8978df08ee,4dde19bd-4f03-4c6c-ad3f-92b89b01b8b2
2026-03-21T09:16:42.708347+00:00,SOL-USD,match,2026-03-21T09:16:43.143577Z,328324960,28294533330,90.15,0.05490849,sell,36672eb7-6051-4185-bae5-2f4916fac7fe,55fb0998-3f73-4979-a52c-23fce53118ce
2026-03-21T09:16:43.161595+00:00,BTC-USD,match,2026-03-21T09:16:43.590905Z,984871963,124585311834,70682.86,4.4e-07,sell,4810fc4b-111d-4343-9cce-5d8978df08ee,3aea01e5-dcc5-4033-ab60-2b7658edf6d4
2026-03-21T09:16:43.339062+00:00,SOL-USD,match,2026-03-21T09:16:43.776263Z,328324961,28294533389,90.15,0.02415479,sell,36672eb7-6051-4185-bae5-2f4916fac7fe,c775d721-d42f-4e68-a4ba-6e8379f740e6
2026-03-21T09:16:43.378706+00:00,SOL-USD,match,2026-03-21T09:16:43.815758Z,328324962,28294533404,90.15,0.01496905,sell,36672eb7-6051-4185-bae5-2f4916fac7fe,8101c1bc-eab1-4acb-8793-8da25d37b94b
2026-03-21T09:16:43.401622+00:00,SOL-USD,match,2026-03-21T09:16:43.836804Z,328324963,28294533407,90.15,0.00011088,sell,36672eb7-6051-4185-bae5-2f4916fac7fe,3ae4f54b-0fc2-4d10-97f0-3e4d0a5e4fea
2026-03-21T09:16:43.997195+00:00,ETH-USD,match,2026-03-21T09:16:44.432551Z,787771656,95522712552,2156.3,0.01319498,sell,457bd4d0-8061-4261-baf3-bbfe1010ecb4,4f87217e-7010-46a4-a9fe-baf2103e9e7f
2026-03-21T09:16:44.310857+00:00,BTC-USD,match,2026-03-21T09:16:44.745345Z,984871964,124585312040,70682.86,4.4e-07,sell,4810fc4b-111d-4343-9cce-5d8978df08ee,5fa89168-b26f-42fb-b3dc-709af847f162
2026-03-21T09:16:45.513158+00:00,BTC-USD,match,2026-03-21T09:16:45.948213Z,984871965,124585312243,70682.86,4.4e-07,sell,4810fc4b-111d-4343-9cce-5d8978df08ee,79bf6b81-eee9-4435-bb4f-bda8747abf57
2026-03-21T09:16:46.665367+00:00,BTC-USD,match,2026-03-21T09:16:47.099519Z,984871966,124585312538,70682.86,4.4e-07,sell,4810fc4b-111d-4343-9cce-5d8978df08ee,34d1ff14-c868-4d5d-ba6d-453e5bfef486
2026-03-21T09:16:47.068742+00:00,ETH-USD,match,2026-03-21T09:16:47.504580Z,787771657,95522712774,2156.29,0.0009177,buy,8b70b183-9470-4afb-ada0-554acb78327e,53d839f0-0cec-4e0b-9191-b94e307c1ceb
2026-03-21T09:16:47.068885+00:00,ETH-USD,match,2026-03-21T09:16:47.504580Z,787771658,95522712776,2156.29,0.00208691,buy,abf5fc13-11c3-4bbc-a5d6-0dd7933a9994,53d839f0-0cec-4e0b-9191-b94e307c1ceb
2026-03-21T09:16:47.068945+00:00,ETH-USD,match,2026-03-21T09:16:47.504580Z,787771659,95522712778,2156.29,0.00121337,buy,e9bf82be-046c-4e7a-9943-9795c7d7e80f,53d839f0-0cec-4e0b-9191-b94e307c1ceb
2026-03-21T09:16:47.131291+00:00,SOL-USD,match,2026-03-21T09:16:47.567857Z,328324964,28294533694,90.14,0.57441554,buy,fbebfb37-da6b-4886-8054-1fd81c4ad2fa,a8131ae2-18ec-42f2-a1f2-f819e3780125
2026-03-21T09:16:47.138793+00:00,BTC-USD,match,2026-03-21T09:16:47.570210Z,984871967,124585312675,70682.85,0.00104907,buy,bf7eae47-22d6-4baf-ad65-c8e75e8bab38,4fe27d3b-ce71-4c39-90ef-846e5fd9200e
2026-03-21T09:16:47.138890+00:00,BTC-USD,match,2026-03-21T09:16:47.570210Z,984871968,124585312677,70682.85,0.00083536,buy,9502cd75-2aff-4a03-8261-25ea1e74e002,4fe27d3b-ce71-4c39-90ef-846e5fd9200e
2026-03-21T09:16:47.139015+00:00,BTC-USD,match,2026-03-21T09:16:47.570210Z,984871969,124585312679,70682.85,0.00019679,buy,ca4486ca-e63e-4c0a-b183-854ce4004c85,4fe27d3b-ce71-4c39-90ef-846e5fd9200e
2026-03-21T09:16:47.139126+00:00,BTC-USD,match,2026-03-21T09:16:47.570210Z,984871970,124585312681,70682.85,0.00050529,buy,e6606fe5-4017-4570-9f7d-150e66874ba0,4fe27d3b-ce71-4c39-90ef-846e5fd9200e
2026-03-21T09:16:47.139238+00:00,BTC-USD,match,2026-03-21T09:16:47.570210Z,984871971,124585312683,70682.85,4.909e-05,buy,53bd8e90-5ef2-4460-a90b-bd365654f334,4fe27d3b-ce71-4c39-90ef-846e5fd9200e
2026-03-21T09:16:47.139337+00:00,BTC-USD,match,2026-03-21T09:16:47.570210Z,984871972,124585312685,70682.85,6.366e-05,buy,e979a98c-ac12-4702-81a1-7b40b40e349e,4fe27d3b-ce71-4c39-90ef-846e5fd9200e
2026-03-21T09:16:47.139457+00:00,BTC-USD,match,2026-03-21T09:16:47.570210Z,984871973,124585312687,70682.85,1.82e-05,buy,4ac0906b-a175-4ed3-bcf1-20d63ef14db2,4fe27d3b-ce71-4c39-90ef-846e5fd9200e
2026-03-21T09:16:47.139582+00:00,BTC-USD,match,2026-03-21T09:16:47.570210Z,984871974,124585312689,70682.85,0.001416,buy,f0839609-9f55-47ea-9b39-1db59d79f040,4fe27d3b-ce71-4c39-90ef-846e5fd9200e
2026-03-21T09:16:47.139678+00:00,BTC-USD,match,2026-03-21T09:16:47.570210Z,984871975,124585312691,70681.08,0.00014147,buy,f2535593-fc45-46be-8b7b-17e380277d7f,4fe27d3b-ce71-4c39-90ef-846e5fd9200e
2026-03-21T09:16:47.150815+00:00,XRP-USD,match,2026-03-21T09:16:47.583557Z,222842490,19507062754,1.4407,287.891222,buy,e311c791-aee5-4e0f-b72d-593781c80ae0,ea66ab75-9a67-4532-942d-271f141911f6
2026-03-21T09:16:47.152087+00:00,ETH-USD,match,2026-03-21T09:16:47.584774Z,787771660,95522712997,2156.22,0.001,buy,e1a30fb9-f68f-4194-a5cf-c287318a507e,cbc08c31-b0f7-4dbd-a25a-42d03e52d215
2026-03-21T09:16:47.152182+00:00,ETH-USD,match,2026-03-21T09:16:47.584774Z,787771661,95522712999,2156.22,0.00037101,buy,e5fe8ab4-f309-424d-88e5-9b6286a3a974,cbc08c31-b0f7-4dbd-a25a-42d03e52d215
2026-03-21T09:16:47.152257+00:00,ETH-USD,match,2026-03-21T09:16:47.584774Z,787771662,95522713001,2156.2,5e-08,buy,0afa544c-53c9-46dd-96b8-14150dd8b0a6,cbc08c31-b0f7-4dbd-a25a-42d03e52d215
2026-03-21T09:16:47.152318+00:00,ETH-USD,match,2026-03-21T09:16:47.584774Z,787771663,95522713003,2156.11,0.001,buy,7fd421cb-f0ba-4544-9b94-acf4df0c1c5d,cbc08c31-b0f7-4dbd-a25a-42d03e52d215
2026-03-21T09:16:47.182321+00:00,BTC-USD,match,2026-03-21T09:16:47.607024Z,984871976,124585313004,70679.71,1.66e-05,sell,a1986d19-956f-420f-b800-c872f7ef7fda,df34fd6e-4ef4-4820-9c7a-de969991cb7e
2026-03-21T09:16:47.401190+00:00,ETH-USD,match,2026-03-21T09:16:47.614748Z,787771664,95522713240,2156.01,0.02084234,sell,fcbafd71-9992-4cf3-9ae5-8800f690451c,c01f0240-803a-4d5a-988b-4510ee7fb861
2026-03-21T09:16:47.722023+00:00,ETH-USD,match,2026-03-21T09:16:48.154593Z,787771665,95522713460,2156.01,0.025141,sell,fcbafd71-9992-4cf3-9ae5-8800f690451c,5251e771-9777-4592-8a0f-694de496114f
2026-03-21T09:16:47.835581+00:00,BTC-USD,match,2026-03-21T09:16:48.272491Z,984871977,124585313381,70679.71,4.4e-07,sell,a1986d19-956f-420f-b800-c872f7ef7fda,86f91777-abde-4af0-8cd5-a5d0352d73bc
2026-03-21T09:16:48.371512+00:00,BTC-USD,match,2026-03-21T09:16:48.807223Z,984871978,124585313501,70679.71,0.0001,sell,a1986d19-956f-420f-b800-c872f7ef7fda,090be00d-56fa-4a48-899d-e2fd7031f63e
2026-03-21T09:16:48.515384+00:00,XRP-USD,match,2026-03-21T09:16:48.952356Z,222842491,19507062974,1.4406,0.8,buy,6afa24eb-cf85-406c-86e0-469ba690a802,c45fd0af-236b-4640-b707-b4d5f35443db
2026-03-21T09:16:48.515529+00:00,XRP-USD,match,2026-03-21T09:16:48.952356Z,222842492,19507062976,1.4406,68.194218,buy,da5c1de2-2f91-42bc-a95f-f43a2b8e70f5,c45fd0af-236b-4640-b707-b4d5f35443db
2026-03-21T09:16:48.515604+00:00,XRP-USD,match,2026-03-21T09:16:48.952356Z,222842493,19507062978,1.4406,71.215402,buy,59593138-aaeb-4fa9-be88-fc94bcf4b324,c45fd0af-236b-4640-b707-b4d5f35443db
2026-03-21T09:16:48.644828+00:00,SOL-USD,match,2026-03-21T09:16:49.080261Z,328324965,28294534009,90.14,0.0693,sell,968a2264-6a9d-41a1-963c-371aa22eae7a,f74b37a0-10b1-49c6-8a92-94f2a923c44a
2026-03-21T09:16:48.649746+00:00,XRP-USD,match,2026-03-21T09:16:49.087171Z,222842494,19507063000,1.4407,505.856469,sell,8ca1e59c-6f9f-407a-9365-61ea3c352f38,bd4ae11c-2a7a-4310-9e8a-af987528bfca
2026-03-21T09:16:48.979481+00:00,BTC-USD,match,2026-03-21T09:16:49.413850Z,984871979,124585313726,70679.71,4.4e-07,sell,a1986d19-956f-420f-b800-c872f7ef7fda,d823aa78-ac8b-4889-8524-c7858958b895
2026-03-21T09:16:49.035562+00:00,ETH-USD,match,2026-03-21T09:16:49.472234Z,787771666,95522713676,2156.01,0.00055541,sell,53a3cf2d-3e44-4aa0-8d6f-f7d67a0dc7de,aa8d022f-9658-4f95-aca2-383ccefba753
2026-03-21T09:16:50.137803+00:00,BTC-USD,match,2026-03-21T09:16:50.572935Z,984871980,124585314005,70679.71,4.4e-07,sell,4b3b5ec2-8308-4bef-b0f0-f9b02f7d4a83,02cb76e2-15ef-46ac-8738-9f56733fd1a7
2026-03-21T09:16:50.698174+00:00,BTC-USD,match,2026-03-21T09:16:51.131964Z,984871981,124585314071,70679.71,0.00502819,sell,4b3b5ec2-8308-4bef-b0f0-f9b02f7d4a83,f0864ec2-1c60-4b11-a646-101a354b6732
2026-03-21T09:16:50.698375+00:00,BTC-USD,match,2026-03-21T09:16:51.131964Z,984871982,124585314073,70679.71,0.00897181,sell,ed93b618-b8db-4140-8e35-9f90d18ed1b6,f0864ec2-1c60-4b11-a646-101a354b6732
2026-03-21T09:16:51.326263+00:00,BTC-USD,match,2026-03-21T09:16:51.760120Z,984871983,124585314438,70679.71,4.4e-07,sell,148e6df8-ecc0-424c-b2e5-cc068eb348a3,47174dca-5069-4ff9-91a1-e6f735a7a9ea
2026-03-21T09:16:52.518614+00:00,BTC-USD,match,2026-03-21T09:16:52.954884Z,984871984,124585314699,70679.71,4.4e-07,sell,148e6df8-ecc0-424c-b2e5-cc068eb348a3,f7d06f77-5f55-4320-9306-7c549a0ccee3
2026-03-21T09:16:52.535959+00:00,ETH-USD,match,2026-03-21T09:16:52.972723Z,787771667,95522714069,2156.0,0.001,buy,89184fc0-763e-4b5b-a18a-ad9be5708a8d,70bc9699-6f97-49db-8417-ccadc3b5d6cc
2026-03-21T09:16:52.536091+00:00,ETH-USD,match,2026-03-21T09:16:52.972723Z,787771668,95522714071,2156.0,0.00877786,buy,c23d16eb-ac6a-49a5-a9f1-2c1f37c42fb5,70bc9699-6f97-49db-8417-ccadc3b5d6cc
2026-03-21T09:16:52.745131+00:00,ETH-USD,match,2026-03-21T09:16:53.179765Z,787771669,95522714183,2156.01,0.00041337,sell,5d5c3f2c-1984-41fd-a24b-012e8bb578e5,a270d541-5530-4ca5-be34-bdeb9192275e
2026-03-21T09:16:52.745274+00:00,ETH-USD,match,2026-03-21T09:16:53.179765Z,787771670,95522714185,2156.01,0.06070023,sell,44a7a5fa-727f-4341-bab5-eda28adf5fb6,a270d541-5530-4ca5-be34-bdeb9192275e
2026-03-21T09:16:52.745349+00:00,ETH-USD,match,2026-03-21T09:16:53.179765Z,787771671,95522714187,2156.01,0.0066134,sell,69aa998a-007e-4ff1-99e0-8f639068e6a6,a270d541-5530-4ca5-be34-bdeb9192275e
2026-03-21T09:16:52.781993+00:00,ETH-USD,match,2026-03-21T09:16:53.218386Z,787771672,95522714210,2156.01,8.6e-07,sell,69aa998a-007e-4ff1-99e0-8f639068e6a6,34b66505-ea9e-4beb-ae93-d73e19197288
2026-03-21T09:16:52.782185+00:00,ETH-USD,match,2026-03-21T09:16:53.218386Z,787771673,95522714212,2156.01,0.00319914,sell,82c968b4-82d9-43d6-81e7-df91d9facef2,34b66505-ea9e-4beb-ae93-d73e19197288
2026-03-21T09:16:53.695988+00:00,BTC-USD,match,2026-03-21T09:16:54.129276Z,984871985,124585314983,70679.71,4.4e-07,sell,148e6df8-ecc0-424c-b2e5-cc068eb348a3,fa3af0c1-e8cc-45e2-bc3c-f1809c393561
2026-03-21T09:16:54.876188+00:00,BTC-USD,match,2026-03-21T09:16:55.313218Z,984871986,124585315392,70679.71,4.4e-07,sell,148e6df8-ecc0-424c-b2e5-cc068eb348a3,42ea81d6-8f49-4ae8-83fe-239ba3366e11
2026-03-21T09:16:55.693167+00:00,XRP-USD,match,2026-03-21T09:16:56.130265Z,222842495,19507063331,1.4408,66.778788,sell,00531bcb-d883-4271-9012-faad5c9584ff,a5444ec8-013d-43ba-acc4-6e2b48fbb211
2026-03-21T09:16:56.023718+00:00,BTC-USD,match,2026-03-21T09:16:56.458861Z,984871987,124585315623,70679.71,4.4e-07,sell,148e6df8-ecc0-424c-b2e5-cc068eb348a3,8ba38833-0c6d-433b-bd9a-37761ef50654
2026-03-21T09:16:56.944978+00:00,BTC-USD,match,2026-03-21T09:16:57.379728Z,984871988,124585315879,70679.71,4.834e-05,sell,148e6df8-ecc0-424c-b2e5-cc068eb348a3,b0b133ea-4e90-4c24-8044-54f0816fdabd
2026-03-21T09:16:57.023990+00:00,ETH-USD,match,2026-03-21T09:16:57.459256Z,787771674,95522714849,2156.0,0.00059846,buy,caee82b6-2607-4f41-8da2-b7e9cc58f085,8652735a-5e90-49f3-bde7-e19afe1b794d
2026-03-21T09:16:57.174172+00:00,BTC-USD,match,2026-03-21T09:16:57.607562Z,984871989,124585315991,70679.71,2.2e-07,sell,d2e4cef3-8947-4754-a19d-9e464e3c2dfa,2f242d5c-37ba-4c2b-b583-15dbab68d0c2
2026-03-21T09:16:57.332538+00:00,BTC-USD,match,2026-03-21T09:16:57.767666Z,984871990,124585316010,70679.71,2.2e-07,sell,d2e4cef3-8947-4754-a19d-9e464e3c2dfa,c24a0bf9-1428-4e61-9c4a-cbf19255eb9a
