curr_time,product_id,event_type,trade_time,trade_id,sequence,price,size,side,maker_order_id,taker_order_id
2026-03-21T09:28:05.309521+00:00,XRP-USD,match,2026-03-21T09:28:05.746650Z,222843078,19507112111,1.4389,1e-05,sell,6601b238-5637-4442-be4f-d29263c5e666,8b70af94-e9ef-465e-bc88-05d359f576cf
2026-03-21T09:28:05.500225+00:00,SOL-USD,match,2026-03-21T09:28:05.936553Z,328325397,28294595747,90.06,0.57441554,buy,25a58079-979c-455f-8477-ea9dc90cbdf5,1f3c0422-d6cf-4002-958d-7a3adab22ce1
2026-03-21T09:28:05.500378+00:00,SOL-USD,match,2026-03-21T09:28:05.936553Z,328325398,28294595749,90.06,0.00244281,buy,b8de3eb4-2a4d-4a2e-8a56-e80d29df49eb,1f3c0422-d6cf-4002-958d-7a3adab22ce1
2026-03-21T09:28:05.500452+00:00,SOL-USD,match,2026-03-21T09:28:05.936553Z,328325399,28294595751,90.05,1.5487369,buy,ce6e5b33-4569-4d27-acb9-fc89c4a634dc,1f3c0422-d6cf-4002-958d-7a3adab22ce1
2026-03-21T09:28:05.500507+00:00,SOL-USD,match,2026-03-21T09:28:05.936553Z,328325400,28294595753,90.05,0.00499722,buy,07f77bc3-74fb-45b9-9c7e-4b5efb06a560,1f3c0422-d6cf-4002-958d-7a3adab22ce1
2026-03-21T09:28:05.500559+00:00,SOL-USD,match,2026-03-21T09:28:05.936553Z,328325401,28294595755,90.05,4.0,buy,d6ac2881-5798-44ef-b0aa-8984c9f62436,1f3c0422-d6cf-4002-958d-7a3adab22ce1
2026-03-21T09:28:05.500623+00:00,SOL-USD,match,2026-03-21T09:28:05.936553Z,328325402,28294595757,90.05,2.0,buy,fe756512-749b-41e2-8647-a9b40f447a3c,1f3c0422-d6cf-4002-958d-7a3adab22ce1
2026-03-21T09:28:05.500680+00:00,SOL-USD,match,2026-03-21T09:28:05.936553Z,328325403,28294595759,90.05,7.22940753,buy,340be643-ccad-4139-a18d-8781bb57f00b,1f3c0422-d6cf-4002-958d-7a3adab22ce1
2026-03-21T09:28:06.030481+00:00,BTC-USD,match,2026-03-21T09:28:06.453596Z,984873602,124585519129,70575.79,0.00259999,sell,47d54c27-8f51-469f-a6ea-0ba3648f478a,06fb895e-dea6-45ed-8f59-c799cf5ccc9e
2026-03-21T09:28:06.956290+00:00,SOL-USD,match,2026-03-21T09:28:07.390971Z,328325404,28294595955,90.05,0.01109877,buy,8faef196-2f7b-4d92-be7a-611ec3f073a5,7d0afe9e-daaf-4394-8385-fc554ec0be54
2026-03-21T09:28:08.423181+00:00,XRP-USD,match,2026-03-21T09:28:08.855981Z,222843079,19507112280,1.439,1e-05,sell,69609ed6-83fc-484a-a7c6-133050dde9e8,969b028a-91ed-409e-964d-3cc7ebf58c20
2026-03-21T09:28:09.022946+00:00,ETH-USD,match,2026-03-21T09:28:09.440903Z,787772296,95522800853,2154.61,0.00055582,sell,174325e3-d727-4a7d-9dfb-14898641d3a1,af2fca91-c92c-438d-9934-eb512ecacb8f
2026-03-21T09:28:10.839062+00:00,XRP-USD,match,2026-03-21T09:28:11.276518Z,222843080,19507112369,1.439,0.79999,sell,69609ed6-83fc-484a-a7c6-133050dde9e8,01f678a0-c4cb-4c78-b374-a7ad35d7aca3
2026-03-21T09:28:10.839926+00:00,XRP-USD,match,2026-03-21T09:28:11.276518Z,222843081,19507112371,1.439,5.564247,sell,3773f74c-032f-4b56-bbf6-602b499cc54b,01f678a0-c4cb-4c78-b374-a7ad35d7aca3
2026-03-21T09:28:11.182435+00:00,BTC-USD,match,2026-03-21T09:28:11.613305Z,984873603,124585520762,70575.79,0.00140262,sell,47d54c27-8f51-469f-a6ea-0ba3648f478a,44819ea2-5291-4e11-8976-9ace6fdcb077
2026-03-21T09:28:11.314407+00:00,BTC-USD,match,2026-03-21T09:28:11.745172Z,984873604,124585520881,70575.79,0.00401628,sell,b9023cfe-5ffd-4bca-bc58-6f27651717c3,c662f8f1-b3cf-456a-9827-09d778226e9b
2026-03-21T09:28:11.314547+00:00,BTC-USD,match,2026-03-21T09:28:11.745172Z,984873605,124585520883,70575.79,0.05009391,sell,e73e7a1a-1466-4766-9c52-a3ad3a58f33e,c662f8f1-b3cf-456a-9827-09d778226e9b
2026-03-21T09:28:11.314620+00:00,BTC-USD,match,2026-03-21T09:28:11.745251Z,984873606,124585520886,70575.79,0.04990608,sell,e73e7a1a-1466-4766-9c52-a3ad3a58f33e,ccadaf91-f88f-4a6b-abc6-5caefbbc99f2
2026-03-21T09:28:11.314675+00:00,BTC-USD,match,2026-03-21T09:28:11.745251Z,984873607,124585520888,70575.79,0.01244097,sell,1ba56a8d-014d-4804-bdb9-c7e0fef773f1,ccadaf91-f88f-4a6b-abc6-5caefbbc99f2
2026-03-21T09:28:11.314725+00:00,BTC-USD,match,2026-03-21T09:28:11.745251Z,984873608,124585520890,70575.79,9.514e-05,sell,e8aa6517-145a-4510-98ac-fd62a70a820e,ccadaf91-f88f-4a6b-abc6-5caefbbc99f2
2026-03-21T09:28:11.314778+00:00,BTC-USD,match,2026-03-21T09:28:11.745251Z,984873609,124585520892,70575.79,2.2e-07,sell,a0cfc891-7e10-4db2-b179-6b236546fcf2,ccadaf91-f88f-4a6b-abc6-5caefbbc99f2
2026-03-21T09:28:11.352948+00:00,ETH-USD,match,2026-03-21T09:28:11.790320Z,787772297,95522801302,2154.67,0.003999,sell,0ac61a7c-f686-4e9a-b7b0-86230473e132,abf16b0c-fcf3-4f87-83ab-b4dad999644a
2026-03-21T09:28:11.431379+00:00,BTC-USD,match,2026-03-21T09:28:11.864188Z,984873610,124585521634,70582.07,0.00278052,sell,81d10922-7ce8-4bbc-b543-922f7fdc55b2,d4636cc0-afff-4b15-8492-196d62b87f94
2026-03-21T09:28:11.431514+00:00,BTC-USD,match,2026-03-21T09:28:11.864188Z,984873611,124585521636,70582.07,0.01244097,sell,22705d09-43a3-4746-9202-5f8ecd9014ef,d4636cc0-afff-4b15-8492-196d62b87f94
2026-03-21T09:28:11.431586+00:00,BTC-USD,match,2026-03-21T09:28:11.864188Z,984873612,124585521638,70582.07,0.03015751,sell,be12c76f-b021-4fdd-93b3-b8b855a12bfa,d4636cc0-afff-4b15-8492-196d62b87f94
2026-03-21T09:28:11.759742+00:00,XRP-USD,match,2026-03-21T09:28:12.196493Z,222843082,19507112587,1.4391,1e-05,sell,37ee561f-c1dd-4567-8735-73e0ae10b8f5,48b7eff3-2877-4db1-8dab-9c9ec2be9015
2026-03-21T09:28:11.773646+00:00,XRP-USD,match,2026-03-21T09:28:12.210708Z,222843083,19507112592,1.4391,0.79999,sell,37ee561f-c1dd-4567-8735-73e0ae10b8f5,4fe96b61-5806-430d-add8-bbc97bb44c9f
2026-03-21T09:28:11.773733+00:00,XRP-USD,match,2026-03-21T09:28:12.210708Z,222843084,19507112594,1.4391,68.194218,sell,94a0c290-f8a5-4c9a-bf00-6238ef5840c7,4fe96b61-5806-430d-add8-bbc97bb44c9f
2026-03-21T09:28:11.797407+00:00,BTC-USD,match,2026-03-21T09:28:12.234000Z,984873613,124585522151,70582.07,0.01090895,sell,be12c76f-b021-4fdd-93b3-b8b855a12bfa,c2e93c05-7ceb-4a43-bc19-07054a4c666c
2026-03-21T09:28:11.797538+00:00,BTC-USD,match,2026-03-21T09:28:12.234000Z,984873614,124585522153,70582.07,2.2e-07,sell,fddb6532-164f-4452-a802-452d3331882b,c2e93c05-7ceb-4a43-bc19-07054a4c666c
2026-03-21T09:28:11.797611+00:00,BTC-USD,match,2026-03-21T09:28:12.234000Z,984873615,124585522155,70582.07,2.2e-07,sell,3e258254-5018-4de1-b7f5-e9a404443a2a,c2e93c05-7ceb-4a43-bc19-07054a4c666c
2026-03-21T09:28:11.925417+00:00,BTC-USD,match,2026-03-21T09:28:12.356704Z,984873616,124585522445,70585.0,2.2e-07,sell,741f794c-26b1-4a86-858b-aec53baf603d,36052558-cc87-4837-8e33-6ffc079a14a8
2026-03-21T09:28:11.925539+00:00,BTC-USD,match,2026-03-21T09:28:12.356704Z,984873617,124585522447,70585.0,0.00050978,sell,6346e1a0-2dc5-47f8-98b6-6ecd10a1b752,36052558-cc87-4837-8e33-6ffc079a14a8
2026-03-21T09:28:12.308486+00:00,ETH-USD,match,2026-03-21T09:28:12.742114Z,787772298,95522801617,2154.67,8.5e-07,sell,0ac61a7c-f686-4e9a-b7b0-86230473e132,fce97bfa-abdc-49dc-b570-7b43742e3c27
2026-03-21T09:28:12.308626+00:00,ETH-USD,match,2026-03-21T09:28:12.742114Z,787772299,95522801619,2154.67,0.00754359,sell,967e8644-2a5c-4a2c-834f-f517bd37cc90,fce97bfa-abdc-49dc-b570-7b43742e3c27
2026-03-21T09:28:12.502437+00:00,XRP-USD,match,2026-03-21T09:28:12.933954Z,222843085,19507112650,1.4391,68.194218,sell,e6d004f1-fa44-493c-80e2-e67b7afe5b14,153b3187-528f-4cc7-8b0e-40763a2b3e99
2026-03-21T09:28:12.502570+00:00,XRP-USD,match,2026-03-21T09:28:12.933954Z,222843086,19507112652,1.4391,275.798448,sell,a25eae74-ec1a-4bbf-8731-3308a1f6d2c9,153b3187-528f-4cc7-8b0e-40763a2b3e99
2026-03-21T09:28:12.731244+00:00,BTC-USD,match,2026-03-21T09:28:13.163090Z,984873618,124585523137,70585.0,4.4e-07,sell,6346e1a0-2dc5-47f8-98b6-6ecd10a1b752,a4c05dfc-6497-401c-a6ee-0285afdf16a6
2026-03-21T09:28:13.442752+00:00,XRP-USD,match,2026-03-21T09:28:13.876240Z,222843087,19507112740,1.439,68.194218,buy,d9a4729e-de43-4d29-b5b7-6dafdce37b12,74d5192e-2c3e-48d1-ae00-b8971c9fba67
2026-03-21T09:28:13.442940+00:00,XRP-USD,match,2026-03-21T09:28:13.876240Z,222843088,19507112742,1.439,227.439156,buy,33c09ceb-fcd1-4537-89a0-533f186a9c83,74d5192e-2c3e-48d1-ae00-b8971c9fba67
2026-03-21T09:28:13.847507+00:00,SOL-USD,match,2026-03-21T09:28:14.284994Z,328325405,28294596756,90.08,0.14895394,sell,06d94922-de01-4cc1-b419-c1a6ae51a02e,19cf386d-57e3-4e70-9410-eb8454141b5f
2026-03-21T09:28:13.888110+00:00,BTC-USD,match,2026-03-21T09:28:14.318837Z,984873619,124585523964,70582.53,4.4e-07,sell,cc685a0e-bfaa-46a4-99c3-1bb599834382,9bde91d8-8322-4f33-86e8-002ad53a5044
2026-03-21T09:28:14.369261+00:00,XRP-USD,match,2026-03-21T09:28:14.806254Z,222843089,19507112808,1.439,1e-05,sell,637577f9-80e6-4c57-bb0b-1b75fe36ca3e,01428044-34f9-4cb5-9331-5b4a4f960c57
2026-03-21T09:28:15.069568+00:00,ETH-USD,match,2026-03-21T09:28:15.502344Z,787772300,95522801897,2154.68,0.00055582,sell,b0c6edf7-91cb-4e69-9554-fa2836b25b07,4a789534-1c5b-41d6-886a-07bf6a2c703c
2026-03-21T09:28:15.173960+00:00,SOL-USD,match,2026-03-21T09:28:15.608680Z,328325406,28294596835,90.08,0.05496336,sell,06d94922-de01-4cc1-b419-c1a6ae51a02e,6f48dcd4-8657-4dc5-9cd4-db352032aa96
2026-03-21T09:28:15.416813+00:00,BTC-USD,match,2026-03-21T09:28:15.852658Z,984873620,124585524713,70582.53,0.00034423,sell,cc685a0e-bfaa-46a4-99c3-1bb599834382,354d4faa-68fd-4306-b706-5186cc50b79b
2026-03-21T09:28:15.855756+00:00,BTC-USD,match,2026-03-21T09:28:16.288577Z,984873621,124585524854,70582.52,0.00117205,buy,15f2d3a1-20de-4168-88d4-248caf89fbdf,707c3df6-b3e6-4de5-82b5-1221332f6f24
2026-03-21T09:28:16.625770+00:00,XRP-USD,match,2026-03-21T09:28:17.059403Z,222843090,19507113219,1.4389,34.885923,buy,1225dbf8-44b7-4d51-be29-7d1f078c4c40,9a6646fe-c2bc-4ece-9d27-3eecb2db6fd5
2026-03-21T09:28:16.627402+00:00,SOL-USD,match,2026-03-21T09:28:17.065660Z,328325407,28294596990,90.08,0.54139639,sell,06d94922-de01-4cc1-b419-c1a6ae51a02e,203679d5-53a9-457b-a8d0-0ef5a8604dd4
2026-03-21T09:28:17.007762+00:00,BTC-USD,match,2026-03-21T09:28:17.437693Z,984873622,124585525393,70582.52,2.2e-07,buy,15f2d3a1-20de-4168-88d4-248caf89fbdf,bac33b5b-33c2-4b26-aac0-33fa118db6dd
2026-03-21T09:28:17.050661+00:00,XRP-USD,match,2026-03-21T09:28:17.488500Z,222843091,19507113256,1.439,1e-05,sell,637577f9-80e6-4c57-bb0b-1b75fe36ca3e,cb928ecb-3389-4da7-9395-4a2958a81251
2026-03-21T09:28:17.062317+00:00,XRP-USD,match,2026-03-21T09:28:17.500042Z,222843092,19507113264,1.439,68.194198,sell,637577f9-80e6-4c57-bb0b-1b75fe36ca3e,72e935db-7793-46e8-9421-f7c6b63fe78a
2026-03-21T09:28:18.015060+00:00,BTC-USD,match,2026-03-21T09:28:18.446729Z,984873623,124585525954,70582.53,9.859e-05,sell,f7acfd09-de32-43cb-804f-64fd42df0007,be7f2f2a-d26b-4807-b292-ceb4042ff8b1
2026-03-21T09:28:19.606458+00:00,BTC-USD,match,2026-03-21T09:28:20.039980Z,984873624,124585526507,70582.53,1.26e-06,sell,f7acfd09-de32-43cb-804f-64fd42df0007,0c6524a0-5963-46b8-883a-44f42b0cedba
2026-03-21T09:28:19.616554+00:00,XRP-USD,match,2026-03-21T09:28:20.054521Z,222843093,19507113508,1.4391,1e-05,sell,998d5286-7933-4277-8893-67b511a3cc36,266d0635-c452-4a88-af24-4285ac7668c6
2026-03-21T09:28:20.517632+00:00,XRP-USD,match,2026-03-21T09:28:20.952919Z,222843094,19507113537,1.4391,74.120995,sell,998d5286-7933-4277-8893-67b511a3cc36,308affe4-7271-4a23-a5bc-29ec2866b5cf
2026-03-21T09:28:21.009149+00:00,BTC-USD,match,2026-03-21T09:28:21.442623Z,984873625,124585527048,70582.53,0.00223,sell,f7acfd09-de32-43cb-804f-64fd42df0007,5917342e-cb39-4f0e-b609-d40cf0f2695c
2026-03-21T09:28:21.058839+00:00,ETH-USD,match,2026-03-21T09:28:21.496415Z,787772301,95522802463,2154.68,0.22973356,sell,b0c6edf7-91cb-4e69-9554-fa2836b25b07,dd68a6a9-c87a-4b10-b0db-c7b715725745
2026-03-21T09:28:21.116464+00:00,ETH-USD,match,2026-03-21T09:28:21.553862Z,787772302,95522802470,2154.68,0.00055582,sell,95067b58-d81c-45f4-972d-6898e0b94a9f,a825f986-23bd-4aa0-a4aa-eb71eca31e45
2026-03-21T09:28:23.440447+00:00,XRP-USD,match,2026-03-21T09:28:23.876711Z,222843095,19507113758,1.4392,1e-05,sell,99c984fd-4ebc-4b0b-a196-ec92a9f90b44,6ed347dc-130e-4ff4-926f-f3c0402ec3dd
2026-03-21T09:28:24.940222+00:00,ETH-USD,match,2026-03-21T09:28:25.377738Z,787772303,95522803349,2154.64,0.06456107,sell,c5093af4-a673-4a55-bb30-a1c1c3f9e666,c109caab-5d21-4508-86e4-4907deb3ec97
2026-03-21T09:28:27.235916+00:00,ETH-USD,match,2026-03-21T09:28:27.671678Z,787772304,95522803541,2154.64,0.00055577,sell,c5093af4-a673-4a55-bb30-a1c1c3f9e666,774695b4-c6f6-4096-9c30-e15c329276f8
2026-03-21T09:28:28.353779+00:00,XRP-USD,match,2026-03-21T09:28:28.789620Z,222843096,19507113935,1.4392,1e-05,sell,99c984fd-4ebc-4b0b-a196-ec92a9f90b44,d0ffe03d-5ad4-4da7-9220-ccfda0f2d429
2026-03-21T09:28:29.051964+00:00,BTC-USD,match,2026-03-21T09:28:29.488402Z,984873626,124585531484,70582.52,0.003,buy,15f2d3a1-20de-4168-88d4-248caf89fbdf,eab073dc-b867-4f82-9dd2-71703496ed83
2026-03-21T09:28:29.784007+00:00,BTC-USD,match,2026-03-21T09:28:30.217250Z,984873627,124585531657,70582.52,0.00087679,buy,15f2d3a1-20de-4168-88d4-248caf89fbdf,4cc142dd-3594-466a-b58e-ffa8241a9dab
2026-03-21T09:28:29.784146+00:00,BTC-USD,match,2026-03-21T09:28:30.217250Z,984873628,124585531659,70582.52,7.678e-05,buy,93aa90d0-3aee-46fe-8c72-a8616e1c462f,4cc142dd-3594-466a-b58e-ffa8241a9dab
2026-03-21T09:28:29.784220+00:00,BTC-USD,match,2026-03-21T09:28:30.217250Z,984873629,124585531661,70582.52,0.024,buy,8d03094c-060e-4a2c-bd38-6dda9ec1169e,4cc142dd-3594-466a-b58e-ffa8241a9dab
2026-03-21T09:28:29.856406+00:00,XRP-USD,match,2026-03-21T09:28:30.291092Z,222843097,19507114186,1.4392,23.924842,sell,99c984fd-4ebc-4b0b-a196-ec92a9f90b44,ac289fce-82a7-4aa6-a790-9258d8463c94
2026-03-21T09:28:31.288864+00:00,XRP-USD,match,2026-03-21T09:28:31.724602Z,222843098,19507114371,1.4392,1e-05,sell,88ceeb01-ffc7-4db5-8a92-f08efd19d9f8,76922260-1bac-4cfd-8426-7c36cf35b746
2026-03-21T09:28:31.707353+00:00,XRP-USD,match,2026-03-21T09:28:32.142696Z,222843099,19507114451,1.4392,0.79999,sell,88ceeb01-ffc7-4db5-8a92-f08efd19d9f8,70e3f362-1961-4d01-a9be-24829a63ca7d
2026-03-21T09:28:31.707498+00:00,XRP-USD,match,2026-03-21T09:28:32.142696Z,222843100,19507114453,1.4392,68.194218,sell,ea9b119b-c235-4e45-ae1e-2a0c0b1c8396,70e3f362-1961-4d01-a9be-24829a63ca7d
2026-03-21T09:28:31.707578+00:00,XRP-USD,match,2026-03-21T09:28:32.142696Z,222843101,19507114455,1.4393,952.531431,sell,0eb72a6b-6b8a-4dbc-85f5-12dd8dbfed10,70e3f362-1961-4d01-a9be-24829a63ca7d
2026-03-21T09:28:32.473773+00:00,BTC-USD,match,2026-03-21T09:28:32.908139Z,984873630,124585532967,70575.79,0.02265838,sell,b13fdba2-cee0-4f9b-9071-2c3a787a2cf6,4ffcdfcb-6914-4646-b93c-66fc97991656
2026-03-21T09:28:32.580331+00:00,ETH-USD,match,2026-03-21T09:28:33.012910Z,787772305,95522803981,2154.63,0.09353728,buy,05425aee-27c6-41b9-ada5-59d3dddcab5e,ef20b12d-a454-4c44-bdd5-6f00191841e8
2026-03-21T09:28:32.580469+00:00,ETH-USD,match,2026-03-21T09:28:33.012910Z,787772306,95522803983,2154.63,0.0011028,buy,c61c436f-cad3-4647-b492-a09d4cdca284,ef20b12d-a454-4c44-bdd5-6f00191841e8
2026-03-21T09:28:32.580541+00:00,ETH-USD,match,2026-03-21T09:28:33.012910Z,787772307,95522803985,2154.6,0.00041771,buy,942a6636-ee4b-4de7-99f0-b58b2f7c9c25,ef20b12d-a454-4c44-bdd5-6f00191841e8
2026-03-21T09:28:32.580597+00:00,ETH-USD,match,2026-03-21T09:28:33.012910Z,787772308,95522803987,2154.57,0.001,buy,4ed9f83f-ac9a-44e4-b94f-20eba5b6df17,ef20b12d-a454-4c44-bdd5-6f00191841e8
2026-03-21T09:28:32.580649+00:00,ETH-USD,match,2026-03-21T09:28:33.012910Z,787772309,95522803989,2154.46,0.001,buy,27df2c9d-2093-4b86-823d-e98d636c4658,ef20b12d-a454-4c44-bdd5-6f00191841e8
2026-03-21T09:28:32.580712+00:00,ETH-USD,match,2026-03-21T09:28:33.012910Z,787772310,95522803991,2154.4,0.18645731,buy,aba6e47f-8b45-4608-9f72-e5c22892e42a,ef20b12d-a454-4c44-bdd5-6f00191841e8
2026-03-21T09:28:32.809070+00:00,SOL-USD,match,2026-03-21T09:28:33.245612Z,328325408,28294598147,90.08,0.013,sell,bad60f8e-8ff6-46ef-b07d-17cb23c3aa1a,0ffb446b-6c52-4cf1-9edd-2c0376437532
2026-03-21T09:28:32.809269+00:00,SOL-USD,match,2026-03-21T09:28:33.245612Z,328325409,28294598149,90.08,0.69037478,sell,9798647c-df05-48d0-a69c-0778cd33697d,0ffb446b-6c52-4cf1-9edd-2c0376437532
2026-03-21T09:28:33.273374+00:00,ETH-USD,match,2026-03-21T09:28:33.710890Z,787772311,95522804082,2154.64,0.00055582,sell,c5093af4-a673-4a55-bb30-a1c1c3f9e666,40fc1b5a-460d-4f74-b01b-d4744cf0f080
2026-03-21T09:28:33.811623+00:00,BTC-USD,match,2026-03-21T09:28:34.246811Z,984873631,124585533364,70575.79,0.00020437,sell,b13fdba2-cee0-4f9b-9071-2c3a787a2cf6,db867ec4-6700-4d21-a971-f113e7b75873
2026-03-21T09:28:34.168310+00:00,XRP-USD,match,2026-03-21T09:28:34.597200Z,222843102,19507114741,1.4393,1e-05,sell,45cbbe74-7c5c-430e-b2ea-afd8de78612e,81a49970-c830-4de8-9549-7226b84f9fa2
2026-03-21T09:28:34.596058+00:00,XRP-USD,match,2026-03-21T09:28:35.028873Z,222843103,19507114786,1.4393,0.79999,sell,45cbbe74-7c5c-430e-b2ea-afd8de78612e,264b7853-9f11-4036-8d27-1d557e2a241e
2026-03-21T09:28:34.596198+00:00,XRP-USD,match,2026-03-21T09:28:35.028873Z,222843104,19507114788,1.4393,68.194218,sell,da71bcbe-84ea-41f2-969d-7e24051bce95,264b7853-9f11-4036-8d27-1d557e2a241e
2026-03-21T09:28:34.643316+00:00,XRP-USD,match,2026-03-21T09:28:35.073404Z,222843105,19507114829,1.4393,68.194218,sell,9b3a524b-d6c2-4ed3-bcd6-befd63eb31bc,720ba90a-7d94-423b-990d-d8561e0f6a56
2026-03-21T09:28:34.672082+00:00,XRP-USD,match,2026-03-21T09:28:35.109923Z,222843106,19507114853,1.4393,68.194218,sell,8b09a4b2-1f99-4eda-997c-06866086339f,69933375-339a-464f-b359-a88e471ec68a
2026-03-21T09:28:35.267167+00:00,BTC-USD,match,2026-03-21T09:28:35.703698Z,984873632,124585533834,70575.79,0.0226616,sell,b13fdba2-cee0-4f9b-9071-2c3a787a2cf6,b423c679-eaf0-45c7-9c41-e21add07ff69
2026-03-21T09:28:36.245143+00:00,SOL-USD,match,2026-03-21T09:28:36.681248Z,328325410,28294598342,90.08,0.29195263,sell,9798647c-df05-48d0-a69c-0778cd33697d,57a648a9-7a1e-4e6a-bf1f-520890f8e6eb
2026-03-21T09:28:38.955937+00:00,SOL-USD,match,2026-03-21T09:28:39.391212Z,328325411,28294598545,90.08,0.00304052,sell,9798647c-df05-48d0-a69c-0778cd33697d,6ea80d63-fa60-43ea-bf75-d520cf224c11
2026-03-21T09:28:39.309912+00:00,ETH-USD,match,2026-03-21T09:28:39.744056Z,787772312,95522804595,2154.64,0.00055582,sell,c5093af4-a673-4a55-bb30-a1c1c3f9e666,c2e5686c-ef8f-48ef-b210-750ca4753886
2026-03-21T09:28:39.588934+00:00,BTC-USD,match,2026-03-21T09:28:40.021551Z,984873633,124585534813,70575.78,4.647e-05,buy,2a9e9d25-6339-4347-8871-383d818848f3,b02e4cf0-58d0-4f04-a1cb-c2a88d9a5d13
2026-03-21T09:28:39.589077+00:00,BTC-USD,match,2026-03-21T09:28:40.021551Z,984873634,124585534815,70575.78,1.275e-05,buy,6cbbc0cb-4249-4e05-9bf0-47c9455d4ccc,b02e4cf0-58d0-4f04-a1cb-c2a88d9a5d13
2026-03-21T09:28:39.589151+00:00,BTC-USD,match,2026-03-21T09:28:40.021551Z,984873635,124585534817,70575.78,0.00036753,buy,360e5479-1304-41eb-8894-b12ca3c380c1,b02e4cf0-58d0-4f04-a1cb-c2a88d9a5d13
2026-03-21T09:28:39.589205+00:00,BTC-USD,match,2026-03-21T09:28:40.021551Z,984873636,124585534819,70575.78,0.00321217,buy,8cc60308-f266-4edc-a41f-6d5ed6136971,b02e4cf0-58d0-4f04-a1cb-c2a88d9a5d13
2026-03-21T09:28:39.589257+00:00,BTC-USD,match,2026-03-21T09:28:40.021551Z,984873637,124585534821,70575.78,6.428e-05,buy,4b935784-8972-4ee0-9e7b-40e411fc0e2f,b02e4cf0-58d0-4f04-a1cb-c2a88d9a5d13
2026-03-21T09:28:39.589308+00:00,BTC-USD,match,2026-03-21T09:28:40.021551Z,984873638,124585534823,70575.78,0.01303582,buy,4dbc815c-5254-4330-8e32-ca7682558d4e,b02e4cf0-58d0-4f04-a1cb-c2a88d9a5d13
2026-03-21T09:28:40.543169+00:00,BTC-USD,match,2026-03-21T09:28:40.978657Z,984873639,124585535135,70575.78,2.2e-07,buy,3ef2c57e-1d70-401f-af69-9edecbeb7a93,e9f30bd4-bcd3-4661-9c37-d65b42703653
2026-03-21T09:28:40.624099+00:00,XRP-USD,match,2026-03-21T09:28:41.061561Z,222843107,19507115467,1.4394,1e-05,sell,acf2327f-83d0-4bff-bd6c-1d4422fc0daa,5e7d66f6-6706-4419-a63e-67aa65e6a699
2026-03-21T09:28:41.124844+00:00,BTC-USD,match,2026-03-21T09:28:41.560572Z,984873640,124585535292,70575.79,4.4e-07,sell,19cb1738-0f27-4854-883f-4cb5399f8838,7e79f9d7-6a31-4e22-8ff6-acac6e340988
2026-03-21T09:28:42.979773+00:00,ETH-USD,match,2026-03-21T09:28:43.414656Z,787772313,95522804791,2154.64,0.04510108,sell,c5093af4-a673-4a55-bb30-a1c1c3f9e666,61af1769-dd40-479e-bb3e-a52924a5201b
2026-03-21T09:28:43.601707+00:00,XRP-USD,match,2026-03-21T09:28:44.039480Z,222843108,19507115766,1.4394,1e-05,sell,acf2327f-83d0-4bff-bd6c-1d4422fc0daa,63eb886d-cced-4475-9d48-93e6f8366312
2026-03-21T09:28:45.360594+00:00,ETH-USD,match,2026-03-21T09:28:45.795146Z,787772314,95522804900,2154.64,0.00055582,sell,c5093af4-a673-4a55-bb30-a1c1c3f9e666,5833ea95-6f70-4106-9ebf-07dee7b79705
2026-03-21T09:28:45.781811+00:00,BTC-USD,match,2026-03-21T09:28:46.214941Z,984873641,124585536156,70575.79,0.00502819,sell,19cb1738-0f27-4854-883f-4cb5399f8838,5223648b-310b-4a02-8041-35018953ddb8
2026-03-21T09:28:45.782006+00:00,BTC-USD,match,2026-03-21T09:28:46.214941Z,984873642,124585536158,70575.79,6.343e-05,sell,81132b66-12b7-41e2-9643-bfa64327e99f,5223648b-310b-4a02-8041-35018953ddb8
2026-03-21T09:28:45.782117+00:00,BTC-USD,match,2026-03-21T09:28:46.214941Z,984873643,124585536160,70575.79,0.03066273,sell,348adfc5-c25c-49f5-92e3-e982ca0e2485,5223648b-310b-4a02-8041-35018953ddb8
2026-03-21T09:28:45.782407+00:00,BTC-USD,match,2026-03-21T09:28:46.215015Z,984873644,124585536166,70576.7,0.0750118,sell,245e81d4-57ac-46ee-875a-d4c7fbed20f4,99b15df6-9cfe-4cb3-81dd-4c260fc2aee6
2026-03-21T09:28:45.782477+00:00,BTC-USD,match,2026-03-21T09:28:46.215449Z,984873645,124585536171,70576.7,0.02498819,sell,245e81d4-57ac-46ee-875a-d4c7fbed20f4,f82afe3b-0dcf-45fd-a90b-96c23a4bf8c3
2026-03-21T09:28:45.782557+00:00,BTC-USD,match,2026-03-21T09:28:46.215449Z,984873646,124585536173,70577.56,0.00080827,sell,e9f87d8a-4629-4361-81f1-9dc5063dc975,f82afe3b-0dcf-45fd-a90b-96c23a4bf8c3
2026-03-21T09:28:45.784554+00:00,BTC-USD,match,2026-03-21T09:28:46.218898Z,984873647,124585536253,70578.26,0.00014169,sell,2b9932c9-921b-4da0-ba80-7a50dc9f36f1,85c6cf6f-e061-46ca-b8f2-2a38464287e1
2026-03-21T09:28:45.976387+00:00,XRP-USD,match,2026-03-21T09:28:46.414161Z,222843109,19507115979,1.4393,0.1,buy,a861131f-e7f1-4654-9b03-264b604b0762,c05484d7-24b6-48b9-a7cc-4a3e1abf4547
2026-03-21T09:28:46.741959+00:00,BTC-USD,match,2026-03-21T09:28:47.175953Z,984873648,124585537234,70582.52,2.2e-07,buy,26475f5d-39d6-46b7-b5d0-c8255628a263,cfcff0b4-a28d-48ce-8974-b18a899e6683
2026-03-21T09:28:47.154988+00:00,XRP-USD,match,2026-03-21T09:28:47.586390Z,222843110,19507116063,1.4394,1e-05,sell,acf2327f-83d0-4bff-bd6c-1d4422fc0daa,341529b5-0d6e-4082-92db-36f70334bb1d
2026-03-21T09:28:47.819557+00:00,BTC-USD,match,2026-03-21T09:28:48.254903Z,984873649,124585537884,70582.52,6.447e-05,buy,09eed046-5e73-4867-b9ce-5fc16042046a,074c7df1-5d70-4162-bdca-831e255775b2
2026-03-21T09:28:47.819695+00:00,BTC-USD,match,2026-03-21T09:28:48.254903Z,984873650,124585537886,70582.52,0.001417,buy,b4217a19-0d28-442f-b423-e55a4242728f,074c7df1-5d70-4162-bdca-831e255775b2
2026-03-21T09:28:47.819769+00:00,BTC-USD,match,2026-03-21T09:28:48.254903Z,984873651,124585537888,70582.52,0.00269817,buy,3ef2c57e-1d70-401f-af69-9edecbeb7a93,074c7df1-5d70-4162-bdca-831e255775b2
2026-03-21T09:28:48.180625+00:00,XRP-USD,match,2026-03-21T09:28:48.617507Z,222843111,19507116140,1.4394,0.687787,sell,acf2327f-83d0-4bff-bd6c-1d4422fc0daa,c237c7cf-d89e-48bc-83f6-0c0335ef1c5c
2026-03-21T09:28:49.060398+00:00,BTC-USD,match,2026-03-21T09:28:49.497310Z,984873652,124585538311,70582.52,0.00235065,buy,3ef2c57e-1d70-401f-af69-9edecbeb7a93,f762b1ad-5c66-4766-8e4a-34987c11e382
2026-03-21T09:28:49.060546+00:00,BTC-USD,match,2026-03-21T09:28:49.497310Z,984873653,124585538313,70582.52,0.0100981,buy,93b2a739-1709-4cc9-ac1d-e034570ab943,f762b1ad-5c66-4766-8e4a-34987c11e382
2026-03-21T09:28:49.060972+00:00,BTC-USD,match,2026-03-21T09:28:49.497310Z,984873654,124585538315,70582.52,0.00504904,buy,a2590ed5-c437-4dbc-8819-a4864ff67473,f762b1ad-5c66-4766-8e4a-34987c11e382
2026-03-21T09:28:49.061048+00:00,BTC-USD,match,2026-03-21T09:28:49.497310Z,984873655,124585538317,70582.52,0.00594921,buy,8d9a0589-a973-475c-87b0-d6d0375ecf75,f762b1ad-5c66-4766-8e4a-34987c11e382
2026-03-21T09:28:49.064401+00:00,BTC-USD,match,2026-03-21T09:28:49.498611Z,984873656,124585538321,70582.52,0.02405079,buy,8d9a0589-a973-475c-87b0-d6d0375ecf75,27f446ba-f26f-4071-995a-f943ccc7c5a2
2026-03-21T09:28:49.064471+00:00,BTC-USD,match,2026-03-21T09:28:49.498611Z,984873657,124585538323,70582.52,0.00115257,buy,b4af5759-9698-4a4a-a722-fa30ce657da8,27f446ba-f26f-4071-995a-f943ccc7c5a2
2026-03-21T09:28:49.064523+00:00,BTC-USD,match,2026-03-21T09:28:49.498611Z,984873658,124585538325,70582.52,0.001417,buy,fb158934-07d9-439c-9537-1d0197e6d6bb,27f446ba-f26f-4071-995a-f943ccc7c5a2
2026-03-21T09:28:49.065326+00:00,BTC-USD,match,2026-03-21T09:28:49.498658Z,984873659,124585538329,70582.5,0.03,buy,1dae4690-0245-4965-a39e-0e72a618b2fe,c8bb0601-44f3-4d2d-94ab-49b6b4a0ff72
2026-03-21T09:28:49.084077+00:00,XRP-USD,match,2026-03-21T09:28:49.519121Z,222843112,19507116320,1.4393,68.094218,buy,a861131f-e7f1-4654-9b03-264b604b0762,c722a040-7923-47e6-b498-830860e486f2
2026-03-21T09:28:49.084162+00:00,XRP-USD,match,2026-03-21T09:28:49.519121Z,222843113,19507116322,1.4393,227.959877,buy,efcfb4b7-b86d-4352-b332-bee54dc006b2,c722a040-7923-47e6-b498-830860e486f2
2026-03-21T09:28:49.087724+00:00,XRP-USD,match,2026-03-21T09:28:49.525760Z,222843114,19507116353,1.4393,68.194218,buy,3d229668-1552-42f1-92a4-64842d4daa83,ee1dfac0-8350-49a7-b2f5-ae85f9fd997a
2026-03-21T09:28:49.095805+00:00,XRP-USD,match,2026-03-21T09:28:49.532993Z,222843115,19507116369,1.4393,68.194218,buy,03b47d03-4d3f-4a71-80d6-4e25fabfef51,21befcd6-cbfe-4b2d-8270-0729de2f185b
2026-03-21T09:28:49.101244+00:00,XRP-USD,match,2026-03-21T09:28:49.540058Z,222843116,19507116380,1.4393,68.194218,buy,d47944d7-d233-468a-8f6a-8a3e15a7c177,b3ef104c-bbb8-49b0-8274-368623b25dc6
2026-03-21T09:28:49.122277+00:00,XRP-USD,match,2026-03-21T09:28:49.559110Z,222843117,19507116391,1.4393,68.194218,buy,13984cac-dd44-42de-b328-3a2b758a2c3c,fb16e0fe-4b15-450a-8ef6-939b161d6a04
2026-03-21T09:28:49.126532+00:00,XRP-USD,match,2026-03-21T09:28:49.564864Z,222843118,19507116411,1.4393,68.194218,buy,d25c94fe-8de0-4330-a426-9ab351ee7e09,bbebbc96-0219-463a-8022-be8d16a519d3
2026-03-21T09:28:49.132406+00:00,XRP-USD,match,2026-03-21T09:28:49.570567Z,222843119,19507116420,1.4393,68.194218,buy,2f64f700-c40c-4ab8-9baf-12674ea11b0b,0976c231-1b1c-48c9-87da-64ef8af69f93
2026-03-21T09:28:49.137925+00:00,XRP-USD,match,2026-03-21T09:28:49.576221Z,222843120,19507116429,1.4393,68.194218,buy,1e131d00-b802-4a72-9695-f46c06d405a8,a937a274-ed8e-4357-89f1-3d54334b881c
2026-03-21T09:28:49.143664+00:00,XRP-USD,match,2026-03-21T09:28:49.581941Z,222843121,19507116438,1.4393,68.194218,buy,8d991942-31a9-41f8-b96c-76550187aaa0,74e7cb86-0d87-4a07-88b2-4168a0fad6af
2026-03-21T09:28:49.149876+00:00,XRP-USD,match,2026-03-21T09:28:49.587790Z,222843122,19507116447,1.4393,68.194218,buy,9b6606ef-f4e3-465a-a01d-6664345d818f,ccce2edb-3af7-41d9-8283-0ab56a7669ca
2026-03-21T09:28:49.157680+00:00,XRP-USD,match,2026-03-21T09:28:49.593666Z,222843123,19507116456,1.4393,68.194218,buy,2abdfb80-c36f-4fa1-9c06-ca824aa1a1a6,33d78d9a-eef3-4355-b05b-cdbd296913ea
2026-03-21T09:28:49.616652+00:00,BTC-USD,match,2026-03-21T09:28:50.051750Z,984873660,124585539262,70575.78,0.00032036,buy,1fb940c9-9e9d-44bd-993b-616c02fa68ee,b47a52f4-47df-454b-a5e5-120736fbe3be
2026-03-21T09:28:49.616795+00:00,BTC-USD,match,2026-03-21T09:28:50.051750Z,984873661,124585539264,70575.78,8.912e-05,buy,6e4b8b9f-9617-4209-bad2-22ad090a2d09,b47a52f4-47df-454b-a5e5-120736fbe3be
2026-03-21T09:28:49.616872+00:00,BTC-USD,match,2026-03-21T09:28:50.051750Z,984873662,124585539266,70575.78,0.00259052,buy,6ce68fd9-7981-447b-ada3-f9fdb312ce55,b47a52f4-47df-454b-a5e5-120736fbe3be
2026-03-21T09:28:49.685239+00:00,XRP-USD,match,2026-03-21T09:28:50.119273Z,222843124,19507116519,1.4394,1e-05,sell,acf2327f-83d0-4bff-bd6c-1d4422fc0daa,ba9fcc85-505d-4ed2-998e-df98afbdecce
2026-03-21T09:28:50.034042+00:00,BTC-USD,match,2026-03-21T09:28:50.470859Z,984873663,124585539441,70575.79,0.00652799,sell,441bdc86-248d-4cbf-a608-7a143a9d3336,d98aaa34-1fa6-4f2d-8cbb-b3ea439414e4
2026-03-21T09:28:51.047780+00:00,SOL-USD,match,2026-03-21T09:28:51.484756Z,328325412,28294599462,90.07,0.111,buy,6244f128-591f-4301-b227-efacd3fb6af9,8391b35c-d123-4899-9170-2d78d223976c
2026-03-21T09:28:51.363205+00:00,ETH-USD,match,2026-03-21T09:28:51.797444Z,787772315,95522805683,2154.64,0.00055582,sell,40a8617f-81aa-4c2f-b743-b6ca16d8e54e,10c35857-cc34-4b74-bc5b-ee2f3cbea1dc
2026-03-21T09:28:51.717720+00:00,BTC-USD,match,2026-03-21T09:28:52.149732Z,984873664,124585540141,70575.78,7.07e-05,buy,b0b11b85-e778-4719-99bb-b64842e9d8dd,fcf95d4a-a1e2-437c-9a82-3ccf1e4935b0
2026-03-21T09:28:51.877333+00:00,BTC-USD,match,2026-03-21T09:28:52.310526Z,984873665,124585540212,70575.78,5.7e-07,buy,b0b11b85-e778-4719-99bb-b64842e9d8dd,891e4da7-4bd4-495a-affc-eae51f04d0e0
2026-03-21T09:28:53.369946+00:00,XRP-USD,match,2026-03-21T09:28:53.805476Z,222843125,19507116913,1.4394,1e-05,sell,acf2327f-83d0-4bff-bd6c-1d4422fc0daa,62bc7130-5fd4-49f2-af09-0f1068cafa52
2026-03-21T09:28:54.084374+00:00,SOL-USD,match,2026-03-21T09:28:54.505946Z,328325413,28294599756,90.08,0.53940053,sell,d8ce8900-4085-44ef-9c09-8dc7690fe66a,79534d23-5387-49df-a21e-2736baa41dc4
2026-03-21T09:28:55.923979+00:00,BTC-USD,match,2026-03-21T09:28:56.358316Z,984873666,124585541118,70575.79,0.00138862,sell,441bdc86-248d-4cbf-a608-7a143a9d3336,82ad5eea-0859-437a-b64b-a5178d23eacb
2026-03-21T09:28:56.121737+00:00,XRP-USD,match,2026-03-21T09:28:56.543983Z,222843126,19507117026,1.4394,1e-05,sell,acf2327f-83d0-4bff-bd6c-1d4422fc0daa,cc73c67e-f681-471f-9a47-f87dd83527ea
2026-03-21T09:28:57.433827+00:00,ETH-USD,match,2026-03-21T09:28:57.870137Z,787772316,95522806329,2154.64,0.00055582,sell,40a8617f-81aa-4c2f-b743-b6ca16d8e54e,68b3429c-1e0c-4ef4-b9f3-a5273a9745c2
2026-03-21T09:28:57.445553+00:00,ETH-USD,match,2026-03-21T09:28:57.883589Z,787772317,95522806333,2154.64,0.006469,sell,40a8617f-81aa-4c2f-b743-b6ca16d8e54e,7705544e-1b9e-4710-a675-798f610f1c9b
2026-03-21T09:28:57.919241+00:00,ETH-USD,match,2026-03-21T09:28:58.351572Z,787772318,95522806377,2154.64,8.9e-07,sell,40a8617f-81aa-4c2f-b743-b6ca16d8e54e,1934f872-8166-41d8-be09-47f9ad406fb3
2026-03-21T09:28:57.919387+00:00,ETH-USD,match,2026-03-21T09:28:58.351572Z,787772319,95522806379,2154.73,0.02885333,sell,8bb5e98e-52fd-4a6b-9863-24f7694b129a,1934f872-8166-41d8-be09-47f9ad406fb3
2026-03-21T09:28:58.640248+00:00,XRP-USD,match,2026-03-21T09:28:59.077808Z,222843127,19507117172,1.4394,1e-05,sell,acf2327f-83d0-4bff-bd6c-1d4422fc0daa,2b536408-884e-462d-b49d-9eaadcb6ae60
2026-03-21T09:29:01.201413+00:00,XRP-USD,match,2026-03-21T09:29:01.639152Z,222843128,19507117261,1.4394,1e-05,sell,acf2327f-83d0-4bff-bd6c-1d4422fc0daa,52e1add4-5fac-4353-9ef0-b7c85d262365
2026-03-21T09:29:01.205547+00:00,BTC-USD,match,2026-03-21T09:29:01.641287Z,984873667,124585543769,70577.53,0.00184955,sell,36935bad-e1b2-4ef3-8f88-ba4bea171fed,fde34ad5-57db-411a-b931-cca4a82df988
2026-03-21T09:29:01.242314+00:00,ETH-USD,match,2026-03-21T09:29:01.673713Z,787772320,95522806831,2154.73,0.00220084,sell,8bb5e98e-52fd-4a6b-9863-24f7694b129a,c8c3755e-7d6d-4af2-89ad-b0f04885b295
2026-03-21T09:29:01.801049+00:00,BTC-USD,match,2026-03-21T09:29:02.236127Z,984873668,124585544043,70577.53,1.388e-05,sell,36935bad-e1b2-4ef3-8f88-ba4bea171fed,b9f9e359-6827-4c92-9c01-0ec7b93e0f44
2026-03-21T09:29:02.424969+00:00,SOL-USD,match,2026-03-21T09:29:02.859510Z,328325414,28294600403,90.08,0.01087921,sell,d8ce8900-4085-44ef-9c09-8dc7690fe66a,f35fe478-496f-4037-ba7b-6bde56cc4ebc
2026-03-21T09:29:02.660898+00:00,XRP-USD,match,2026-03-21T09:29:03.095386Z,222843129,19507117413,1.4394,0.112133,sell,acf2327f-83d0-4bff-bd6c-1d4422fc0daa,84092ddb-f748-472c-871c-9f4b2c974461
2026-03-21T09:29:03.055575+00:00,BTC-USD,match,2026-03-21T09:29:03.491211Z,984873669,124585544476,70577.53,1.388e-05,sell,36935bad-e1b2-4ef3-8f88-ba4bea171fed,5479e51f-e529-4d7d-9ee8-0defaea10ec0
2026-03-21T09:29:03.510687+00:00,ETH-USD,match,2026-03-21T09:29:03.947008Z,787772321,95522807034,2154.73,0.00055579,sell,8bb5e98e-52fd-4a6b-9863-24f7694b129a,659347fe-e6e5-4f3f-baee-f4dcb6664f02
2026-03-21T09:29:03.859529+00:00,XRP-USD,match,2026-03-21T09:29:04.294134Z,222843130,19507117663,1.4395,1e-05,sell,120fad81-43e2-4d13-8335-d0db12c4513f,a8cdaf90-15c8-4145-b38a-339f784f1707
2026-03-21T09:29:04.991983+00:00,BTC-USD,match,2026-03-21T09:29:05.428025Z,984873670,124585545411,70577.53,6.862e-05,sell,36935bad-e1b2-4ef3-8f88-ba4bea171fed,97171c47-da14-4d1b-8b31-a28375c26035
2026-03-21T09:29:05.652531+00:00,XRP-USD,match,2026-03-21T09:29:06.088024Z,222843131,19507117897,1.4394,210.616525,buy,40ed1e7d-50b5-4295-bff9-cc2156a2fa7c,1284160f-e49a-4b83-a0cd-3cb6fff1ec7b
2026-03-21T09:29:07.494834+00:00,SOL-USD,match,2026-03-21T09:29:07.914306Z,328325415,28294600795,90.08,0.0241358,sell,d8ce8900-4085-44ef-9c09-8dc7690fe66a,a1781fd3-2982-4d57-a06a-c0408a094f66
2026-03-21T09:29:07.495435+00:00,SOL-USD,match,2026-03-21T09:29:07.914306Z,328325416,28294600797,90.09,0.20852739,sell,d65aa37d-9bac-43fb-9ed8-7ee49c17cb31,a1781fd3-2982-4d57-a06a-c0408a094f66
2026-03-21T09:29:07.495601+00:00,XRP-USD,match,2026-03-21T09:29:07.931584Z,222843132,19507118134,1.4394,1e-05,sell,912de7f7-185c-4868-96d5-936833c37d6b,58f43574-64ed-4ad5-be9a-fbc7c9d4f0f0
2026-03-21T09:29:08.553047+00:00,BTC-USD,match,2026-03-21T09:29:08.985899Z,984873671,124585546402,70577.52,0.03,buy,2e9fd2e7-4937-4610-ac01-5cfb453ccee8,7a461533-62f1-4377-8090-972c1a300b40
2026-03-21T09:29:08.553193+00:00,BTC-USD,match,2026-03-21T09:29:08.985899Z,984873672,124585546404,70577.52,4.422e-05,buy,4d02fe30-c177-4716-bd09-3ee4663f111d,7a461533-62f1-4377-8090-972c1a300b40
2026-03-21T09:29:08.553249+00:00,BTC-USD,match,2026-03-21T09:29:08.985899Z,984873673,124585546406,70577.52,0.00059974,buy,d91ba6b0-8de9-450b-ac60-f3489cd25133,7a461533-62f1-4377-8090-972c1a300b40
2026-03-21T09:29:08.553311+00:00,BTC-USD,match,2026-03-21T09:29:08.985899Z,984873674,124585546408,70577.52,0.00311477,buy,709010f4-ade9-4714-bb6f-37a335697414,7a461533-62f1-4377-8090-972c1a300b40
2026-03-21T09:29:08.553427+00:00,BTC-USD,match,2026-03-21T09:29:08.985899Z,984873675,124585546410,70577.52,0.00757357,buy,3e6ff9ed-dac4-4991-8760-f8994adc69f8,7a461533-62f1-4377-8090-972c1a300b40
2026-03-21T09:29:08.553489+00:00,BTC-USD,match,2026-03-21T09:29:08.985899Z,984873676,124585546412,70577.52,0.01009805,buy,20070f66-c344-4785-ab2b-ea9df260b8d0,7a461533-62f1-4377-8090-972c1a300b40
2026-03-21T09:29:08.553560+00:00,BTC-USD,match,2026-03-21T09:29:08.985899Z,984873677,124585546414,70577.52,0.00081613,buy,ab4e440b-703b-4fb4-aabe-b85ede39ab80,7a461533-62f1-4377-8090-972c1a300b40
2026-03-21T09:29:08.553649+00:00,BTC-USD,match,2026-03-21T09:29:08.985899Z,984873678,124585546416,70577.52,0.00248329,buy,36e3a21f-13ca-493e-9752-aaef80283eba,7a461533-62f1-4377-8090-972c1a300b40
2026-03-21T09:29:08.553795+00:00,BTC-USD,match,2026-03-21T09:29:08.985899Z,984873679,124585546418,70577.5,0.03,buy,8080775e-88f5-46d1-ac16-b4e8b1298e6f,7a461533-62f1-4377-8090-972c1a300b40
2026-03-21T09:29:08.844497+00:00,ETH-USD,match,2026-03-21T09:29:09.276008Z,787772322,95522807688,2154.72,0.00307338,buy,ceb53573-fe88-4e64-85cd-89c7478f0e07,ae67f9b6-14f7-4902-a55f-95bcbd06c3d0
2026-03-21T09:29:09.621531+00:00,ETH-USD,match,2026-03-21T09:29:10.056793Z,787772323,95522807764,2154.73,0.00055579,sell,8bb5e98e-52fd-4a6b-9863-24f7694b129a,55d96c98-af45-450e-af05-96031bea250d
2026-03-21T09:29:10.099649+00:00,XRP-USD,match,2026-03-21T09:29:10.537452Z,222843133,19507118336,1.4394,1e-05,sell,912de7f7-185c-4868-96d5-936833c37d6b,7ba5831b-345f-4c57-affb-7fc7b9012195
2026-03-21T09:29:11.407621+00:00,BTC-USD,match,2026-03-21T09:29:11.842584Z,984873680,124585547717,70575.78,9.07e-06,buy,b0b11b85-e778-4719-99bb-b64842e9d8dd,624a1e32-3295-4665-b0b4-9c5e499ffd32
2026-03-21T09:29:11.412073+00:00,SOL-USD,match,2026-03-21T09:29:11.849136Z,328325417,28294601185,90.08,0.0068191,sell,65f73479-c39c-4a09-ace1-87a9c587c4c9,d83a351a-ddc8-472f-b775-2adc32d08d28
2026-03-21T09:29:12.928862+00:00,XRP-USD,match,2026-03-21T09:29:13.367149Z,222843134,19507118471,1.4394,1e-05,sell,912de7f7-185c-4868-96d5-936833c37d6b,22df1ad7-7608-41c0-8403-8a19a5aab97e
2026-03-21T09:29:13.664602+00:00,ETH-USD,match,2026-03-21T09:29:14.100085Z,787772324,95522808454,2154.82,0.03160102,buy,ea1640ee-e5fe-4344-b107-205f3017c55b,53129d5a-a5e1-42d5-a226-cac005157a16
2026-03-21T09:29:15.383695+00:00,SOL-USD,match,2026-03-21T09:29:15.812883Z,328325418,28294601535,90.08,0.56759644,sell,65f73479-c39c-4a09-ace1-87a9c587c4c9,6fabf41d-71e7-4a43-89a7-8f5248c6d214
2026-03-21T09:29:15.383794+00:00,SOL-USD,match,2026-03-21T09:29:15.812883Z,328325419,28294601537,90.08,1.05060516,sell,fba209bd-cebd-4a5d-98ce-3ba997fb1669,6fabf41d-71e7-4a43-89a7-8f5248c6d214
2026-03-21T09:29:15.533905+00:00,ETH-USD,match,2026-03-21T09:29:15.969506Z,787772325,95522808581,2154.83,0.00055579,sell,2fe28381-3b54-4bae-9976-adcbb93e0de2,cc9e0714-c79a-415d-b985-cb1de9cc26cd
2026-03-21T09:29:16.116609+00:00,XRP-USD,match,2026-03-21T09:29:16.547733Z,222843135,19507118642,1.4394,1e-05,sell,912de7f7-185c-4868-96d5-936833c37d6b,ab30f143-680d-45be-8ecf-646afa7fddbf
2026-03-21T09:29:16.545416+00:00,BTC-USD,match,2026-03-21T09:29:16.980264Z,984873681,124585548851,70575.79,0.00073911,sell,d4f3fd2e-3dc4-4829-a469-3b7a4e74e5b5,660ecbf4-e478-44ee-b901-656e89ca4db9
2026-03-21T09:29:17.185016+00:00,SOL-USD,match,2026-03-21T09:29:17.621119Z,328325420,28294601629,90.08,0.52643206,sell,fba209bd-cebd-4a5d-98ce-3ba997fb1669,95dd2e3f-f512-4e4a-8a8a-053ee7083108
2026-03-21T09:29:18.047914+00:00,SOL-USD,match,2026-03-21T09:29:18.482963Z,328325421,28294601719,90.07,0.11101243,buy,6244f128-591f-4301-b227-efacd3fb6af9,1f3bdce8-3649-4228-bd9d-6844b9505641
2026-03-21T09:29:18.052327+00:00,BTC-USD,match,2026-03-21T09:29:18.488813Z,984873682,124585549077,70575.79,0.00013763,sell,d4f3fd2e-3dc4-4829-a469-3b7a4e74e5b5,6b2cf448-93d2-4d9e-8e3a-921d6be1df62
2026-03-21T09:29:18.748246+00:00,XRP-USD,match,2026-03-21T09:29:19.184856Z,222843136,19507118707,1.4394,1e-05,sell,912de7f7-185c-4868-96d5-936833c37d6b,cde62c1d-6f1a-4ffb-9e2c-8bb367d29253
2026-03-21T09:29:19.695440+00:00,XRP-USD,match,2026-03-21T09:29:20.128652Z,222843137,19507118728,1.4394,0.51584,sell,912de7f7-185c-4868-96d5-936833c37d6b,05755079-1555-44d0-9cad-7e339f2b8cae
2026-03-21T09:29:20.607082+00:00,XRP-USD,match,2026-03-21T09:29:21.028763Z,222843138,19507118761,1.4394,10.316799,sell,912de7f7-185c-4868-96d5-936833c37d6b,6f5747c5-09b7-4055-ac46-cde9e3520f3d
2026-03-21T09:29:21.132021+00:00,XRP-USD,match,2026-03-21T09:29:21.564038Z,222843139,19507119006,1.4394,3.438933,sell,912de7f7-185c-4868-96d5-936833c37d6b,50d7a3b7-7180-43a8-8720-4bb7d7592249
2026-03-21T09:29:21.463578+00:00,XRP-USD,match,2026-03-21T09:29:21.899688Z,222843140,19507119013,1.4394,1e-05,sell,912de7f7-185c-4868-96d5-936833c37d6b,ea941ee3-f24e-4cd9-b1ed-9c93ab13ea08
2026-03-21T09:29:21.650642+00:00,ETH-USD,match,2026-03-21T09:29:22.086556Z,787772326,95522809050,2154.89,0.00055577,sell,23b9a43d-e289-4451-ae85-4af35747be00,4c0df0be-a7cf-423c-b25f-6f41387b92d3
2026-03-21T09:29:22.321084+00:00,SOL-USD,match,2026-03-21T09:29:22.758975Z,328325422,28294601924,90.08,0.67211283,sell,fba209bd-cebd-4a5d-98ce-3ba997fb1669,c167a5d5-a50e-4f67-91b0-f7cc61558d44
2026-03-21T09:29:23.247694+00:00,ETH-USD,match,2026-03-21T09:29:23.684679Z,787772327,95522809159,2154.89,0.02570088,sell,23b9a43d-e289-4451-ae85-4af35747be00,ea3121c7-ddd7-4ccb-b5f7-11ce1a6d12c8
2026-03-21T09:29:24.070773+00:00,XRP-USD,match,2026-03-21T09:29:24.507485Z,222843141,19507119076,1.4394,1e-05,sell,912de7f7-185c-4868-96d5-936833c37d6b,9f15b8b9-5410-41b1-9bf4-ddb8b1feca5f
2026-03-21T09:29:24.153953+00:00,ETH-USD,match,2026-03-21T09:29:24.589600Z,787772328,95522809195,2154.88,0.09353728,buy,43614246-0ae9-492f-b61a-5d8e4e1cb488,10daca30-9c6f-40cc-91cf-bd5d33fb902a
2026-03-21T09:29:24.154088+00:00,ETH-USD,match,2026-03-21T09:29:24.589600Z,787772329,95522809197,2154.86,0.00632,buy,091eb105-a180-4572-b727-df847c89774e,10daca30-9c6f-40cc-91cf-bd5d33fb902a
2026-03-21T09:29:24.154166+00:00,ETH-USD,match,2026-03-21T09:29:24.589600Z,787772330,95522809199,2154.63,0.00208852,buy,a7d3da70-701e-4d6d-98d2-4c1e3e48b117,10daca30-9c6f-40cc-91cf-bd5d33fb902a
2026-03-21T09:29:24.154221+00:00,ETH-USD,match,2026-03-21T09:29:24.589600Z,787772331,95522809201,2154.63,0.00242387,buy,62baae98-58e4-4a5e-9e12-522a375ef673,10daca30-9c6f-40cc-91cf-bd5d33fb902a
2026-03-21T09:29:24.154270+00:00,ETH-USD,match,2026-03-21T09:29:24.589600Z,787772332,95522809203,2154.61,5e-08,buy,fe219c18-25e2-4706-9f86-81882e3b34a6,10daca30-9c6f-40cc-91cf-bd5d33fb902a
2026-03-21T09:29:24.154324+00:00,ETH-USD,match,2026-03-21T09:29:24.589600Z,787772333,95522809205,2154.61,0.12768845,buy,a442773a-76b4-4ffc-8cc8-5f30f3fae47e,10daca30-9c6f-40cc-91cf-bd5d33fb902a
2026-03-21T09:29:24.800513+00:00,ETH-USD,match,2026-03-21T09:29:25.236882Z,787772334,95522809490,2154.79,0.34777402,sell,5458f585-5398-4027-84aa-349b78b0f96d,b3232120-430a-48f7-b803-2b4175afaa47
2026-03-21T09:29:25.402636+00:00,SOL-USD,match,2026-03-21T09:29:25.840569Z,328325423,28294602081,90.07,0.35240311,buy,6244f128-591f-4301-b227-efacd3fb6af9,6ece726f-1584-4e3e-bcdf-e7e8701b8b47
2026-03-21T09:29:25.402770+00:00,SOL-USD,match,2026-03-21T09:29:25.840569Z,328325424,28294602083,90.07,4.4158378,buy,ccee4fae-2c53-4686-9ac1-d8037141abc6,6ece726f-1584-4e3e-bcdf-e7e8701b8b47
2026-03-21T09:29:25.402842+00:00,SOL-USD,match,2026-03-21T09:29:25.840569Z,328325425,28294602085,90.07,1.11150209,buy,a3395b60-0d3a-4d1a-98fd-03c0a2d511d7,6ece726f-1584-4e3e-bcdf-e7e8701b8b47
2026-03-21T09:29:27.042822+00:00,BTC-USD,match,2026-03-21T09:29:27.477413Z,984873683,124585551862,70575.78,1.813e-05,buy,b0b11b85-e778-4719-99bb-b64842e9d8dd,3a7cd03d-1433-4674-8880-75c78dc3c9f3
2026-03-21T09:29:27.042963+00:00,BTC-USD,match,2026-03-21T09:29:27.477413Z,984873684,124585551864,70575.78,2.55e-05,buy,ef45f985-377b-4145-a24e-ba85fd3ef739,3a7cd03d-1433-4674-8880-75c78dc3c9f3
2026-03-21T09:29:27.043039+00:00,BTC-USD,match,2026-03-21T09:29:27.477413Z,984873685,124585551866,70575.78,0.00033741,buy,6993eaf8-907e-49e9-ad03-af5da1fa39aa,3a7cd03d-1433-4674-8880-75c78dc3c9f3
2026-03-21T09:29:27.053129+00:00,BTC-USD,match,2026-03-21T09:29:27.485205Z,984873686,124585551900,70575.79,0.00140275,sell,27d8fbca-cfca-4fe3-9514-9aa53f96a857,498f2fa7-9d27-40ef-9f45-dfd8337e7393
2026-03-21T09:29:27.286853+00:00,XRP-USD,match,2026-03-21T09:29:27.722411Z,222843142,19507119264,1.4393,1e-05,sell,572454a0-f300-4c85-8d1b-ec09fe3c73d7,a5193125-61a8-4a2f-8905-d500a05cb3b6
2026-03-21T09:29:27.639747+00:00,ETH-USD,match,2026-03-21T09:29:28.074588Z,787772335,95522809734,2154.8,0.00055577,sell,016ef775-6b78-4001-b7fe-2cd332fe5aa9,a9df07b2-6410-4337-9dfb-7c076f03c527
2026-03-21T09:29:27.834194+00:00,BTC-USD,match,2026-03-21T09:29:28.269526Z,984873687,124585552078,70575.78,3.202e-05,buy,6993eaf8-907e-49e9-ad03-af5da1fa39aa,ef7222d5-c53e-4c8a-9001-dfc1f746abd0
2026-03-21T09:29:28.137678+00:00,BTC-USD,match,2026-03-21T09:29:28.572547Z,984873688,124585552146,70575.79,4.4e-07,sell,27d8fbca-cfca-4fe3-9514-9aa53f96a857,90378a20-580d-498a-9322-c0de81f8fbbf
2026-03-21T09:29:29.300809+00:00,BTC-USD,match,2026-03-21T09:29:29.734660Z,984873689,124585552272,70575.79,4.4e-07,sell,27d8fbca-cfca-4fe3-9514-9aa53f96a857,7c20ee43-f09a-4d1d-a963-ef5bb777a9cc
2026-03-21T09:29:29.538128+00:00,XRP-USD,match,2026-03-21T09:29:29.974617Z,222843143,19507119378,1.4392,0.8,buy,772944fc-9c97-43b8-85c2-a1ef6a887869,acbd22b7-2628-445f-86be-0c2bea0918e0
2026-03-21T09:29:29.538276+00:00,XRP-USD,match,2026-03-21T09:29:29.974617Z,222843144,19507119380,1.4392,33.87646,buy,b75026f0-c8be-47e5-8394-2296ca9d0625,acbd22b7-2628-445f-86be-0c2bea0918e0
2026-03-21T09:29:29.538466+00:00,XRP-USD,match,2026-03-21T09:29:29.974846Z,222843145,19507119383,1.4392,34.67646,buy,b75026f0-c8be-47e5-8394-2296ca9d0625,54923e18-cabd-4a95-b703-27cc3c5971dc
2026-03-21T09:29:29.538529+00:00,XRP-USD,match,2026-03-21T09:29:29.975000Z,222843146,19507119389,1.4392,34.67646,buy,b75026f0-c8be-47e5-8394-2296ca9d0625,b1b105cc-cd88-449b-816e-4874fa26fbe5
2026-03-21T09:29:29.538581+00:00,XRP-USD,match,2026-03-21T09:29:29.975142Z,222843147,19507119392,1.4392,34.67646,buy,b75026f0-c8be-47e5-8394-2296ca9d0625,eac41431-14d3-4eb5-be42-a7a252db4406
2026-03-21T09:29:29.541002+00:00,XRP-USD,match,2026-03-21T09:29:29.975151Z,222843148,19507119395,1.4392,37.766506,buy,b75026f0-c8be-47e5-8394-2296ca9d0625,7b2b979a-3825-4ab6-b554-507dde0539f8
2026-03-21T09:29:29.541070+00:00,XRP-USD,match,2026-03-21T09:29:29.975151Z,222843149,19507119397,1.4391,0.8,buy,b0142e00-7afc-4a30-a528-7eb377ea0e8f,7b2b979a-3825-4ab6-b554-507dde0539f8
2026-03-21T09:29:29.541123+00:00,XRP-USD,match,2026-03-21T09:29:29.975151Z,222843150,19507119399,1.439,0.8,buy,53cff5ee-de77-48c2-b404-0f02700f9b1c,7b2b979a-3825-4ab6-b554-507dde0539f8
2026-03-21T09:29:29.541172+00:00,XRP-USD,match,2026-03-21T09:29:29.975151Z,222843151,19507119401,1.439,189.29,buy,a760cbc1-3433-4e1f-a3be-da4ca8bf034c,7b2b979a-3825-4ab6-b554-507dde0539f8
2026-03-21T09:29:29.541221+00:00,XRP-USD,match,2026-03-21T09:29:29.975151Z,222843152,19507119403,1.439,69.492703,buy,7a83e93d-f903-4041-bf04-6fe3b5312e68,7b2b979a-3825-4ab6-b554-507dde0539f8
2026-03-21T09:29:29.541269+00:00,XRP-USD,match,2026-03-21T09:29:29.975151Z,222843153,19507119405,1.439,945.3,buy,e26f0ca7-2f93-4186-a808-cfc3080af80f,7b2b979a-3825-4ab6-b554-507dde0539f8
2026-03-21T09:29:29.541319+00:00,XRP-USD,match,2026-03-21T09:29:29.975151Z,222843154,19507119407,1.439,20.842938,buy,9c34cb6a-e2cd-41dd-be05-8033a57cbb1f,7b2b979a-3825-4ab6-b554-507dde0539f8
2026-03-21T09:29:29.541367+00:00,XRP-USD,match,2026-03-21T09:29:29.975151Z,222843155,19507119409,1.4389,6784.0,buy,f9a3f3d2-ad91-4441-8981-641327e1b12f,7b2b979a-3825-4ab6-b554-507dde0539f8
2026-03-21T09:29:29.541416+00:00,XRP-USD,match,2026-03-21T09:29:29.975151Z,222843156,19507119411,1.4389,3474.273008,buy,609f8d37-887d-4ddc-abfc-c539ed789ac9,7b2b979a-3825-4ab6-b554-507dde0539f8
2026-03-21T09:29:29.541468+00:00,XRP-USD,match,2026-03-21T09:29:29.975151Z,222843157,19507119413,1.4389,0.8,buy,ef267a47-aafa-4840-89cc-27440c262a01,7b2b979a-3825-4ab6-b554-507dde0539f8
2026-03-21T09:29:29.541516+00:00,XRP-USD,match,2026-03-21T09:29:29.975400Z,222843158,19507119421,1.4388,0.8,buy,512f5865-488e-4bc1-abbb-e8b37636ca95,eb59c1fb-0fdb-4cbd-899b-01be47bd5695
2026-03-21T09:29:29.541564+00:00,XRP-USD,match,2026-03-21T09:29:29.975400Z,222843159,19507119423,1.4388,33.87646,buy,0c280bd8-8660-40ce-a92f-453ac217353e,eb59c1fb-0fdb-4cbd-899b-01be47bd5695
2026-03-21T09:29:29.541611+00:00,XRP-USD,match,2026-03-21T09:29:29.975615Z,222843160,19507119429,1.4388,34.56078,buy,61fc4e60-fc34-49e2-9698-de41d8834b41,9798d41a-c6a8-481f-9fc7-b13cbfbde184
2026-03-21T09:29:29.541738+00:00,XRP-USD,match,2026-03-21T09:29:29.978718Z,222843161,19507119505,1.4389,68.194218,buy,368fa07c-4534-474d-b3fb-a8887a81c69d,82dafc82-0c6d-41f4-ad61-0495eebd1a1a
2026-03-21T09:29:29.544592+00:00,XRP-USD,match,2026-03-21T09:29:29.982157Z,222843162,19507119660,1.4388,200.0,buy,4783239c-2126-4454-8609-d83fcab6a208,f866f91f-7a62-4749-9e1b-787aee1e68f6
2026-03-21T09:29:29.544650+00:00,XRP-USD,match,2026-03-21T09:29:29.982157Z,222843163,19507119662,1.4388,1325.124086,buy,95f62beb-436c-48e7-a567-066bbe1ebd59,f866f91f-7a62-4749-9e1b-787aee1e68f6
2026-03-21T09:29:29.546081+00:00,XRP-USD,match,2026-03-21T09:29:29.982605Z,222843164,19507119681,1.4388,294.42986,buy,95f62beb-436c-48e7-a567-066bbe1ebd59,13e67d1e-cb58-4415-a3f9-18596906299e
2026-03-21T09:29:29.546876+00:00,XRP-USD,match,2026-03-21T09:29:29.983608Z,222843165,19507119724,1.4388,33.102292,buy,95f62beb-436c-48e7-a567-066bbe1ebd59,6ff90a51-b5fb-4b7f-91eb-daa5a1e545ae
2026-03-21T09:29:29.546937+00:00,XRP-USD,match,2026-03-21T09:29:29.983608Z,222843166,19507119726,1.4388,151.24,buy,9ec8de75-ce98-4c94-a0db-a715513332a4,6ff90a51-b5fb-4b7f-91eb-daa5a1e545ae
2026-03-21T09:29:29.554734+00:00,XRP-USD,match,2026-03-21T09:29:29.991688Z,222843167,19507119856,1.4387,0.8,buy,6ee96ea0-dd85-41ed-b8cc-346a89c93666,82c0c35a-9b64-4145-b036-83bd45571745
2026-03-21T09:29:29.559955+00:00,XRP-USD,match,2026-03-21T09:29:29.996877Z,222843168,19507119905,1.4387,1162.5,buy,db1e6b66-2f03-4788-a882-91c515b61afd,05ff55c6-2245-4a67-ad73-daf7c7c12738
2026-03-21T09:29:30.247325+00:00,BTC-USD,match,2026-03-21T09:29:30.683182Z,984873690,124585552394,70575.79,0.00124,sell,27d8fbca-cfca-4fe3-9514-9aa53f96a857,1a0d0746-00b0-4aea-9e6e-fca3ce5e9930
2026-03-21T09:29:30.290839+00:00,XRP-USD,match,2026-03-21T09:29:30.728418Z,222843169,19507120358,1.4387,20.842938,sell,d183e076-4123-41e1-8ac8-cd0c34feb670,af6dbdb3-a808-4e33-b77e-24f20deb03fe
2026-03-21T09:29:30.290985+00:00,XRP-USD,match,2026-03-21T09:29:30.728418Z,222843170,19507120360,1.4387,68.194218,sell,d97b091d-d4c9-4482-afc3-cc32e36fc8c0,af6dbdb3-a808-4e33-b77e-24f20deb03fe
2026-03-21T09:29:30.355059+00:00,XRP-USD,match,2026-03-21T09:29:30.787849Z,222843171,19507120382,1.4387,68.194218,sell,ee58170e-81c0-42ef-ba23-d2c829918b83,aa2cafad-8c47-4d82-86e7-e30e99ce7c21
2026-03-21T09:29:30.388683+00:00,ETH-USD,match,2026-03-21T09:29:30.824912Z,787772336,95522809902,2154.8,0.11439553,sell,016ef775-6b78-4001-b7fe-2cd332fe5aa9,638bdcac-cd34-4272-b0f3-1d8ebbc660e1
2026-03-21T09:29:30.419888+00:00,XRP-USD,match,2026-03-21T09:29:30.857818Z,222843172,19507120397,1.4387,1e-05,sell,fef79419-fee0-43d8-85a8-4dade54ecd3e,c8f8c519-ea99-46d1-835f-73e24e89ad45
2026-03-21T09:29:30.433993+00:00,XRP-USD,match,2026-03-21T09:29:30.869802Z,222843173,19507120400,1.4387,68.194208,sell,fef79419-fee0-43d8-85a8-4dade54ecd3e,e5e335ce-bd19-4806-bfe1-c0406669b0df
2026-03-21T09:29:30.450556+00:00,BTC-USD,match,2026-03-21T09:29:30.881721Z,984873691,124585552521,70575.79,4.4e-07,sell,27d8fbca-cfca-4fe3-9514-9aa53f96a857,6a741ed9-905b-44d2-b87d-c15bbd437a2a
2026-03-21T09:29:31.166932+00:00,XRP-USD,match,2026-03-21T09:29:31.598140Z,222843174,19507120470,1.4387,68.194218,sell,e6b32030-a2ab-4963-82fb-25ec3209b954,37e54b19-d781-436a-a62c-65af0d939a10
2026-03-21T09:29:31.210251+00:00,XRP-USD,match,2026-03-21T09:29:31.647975Z,222843175,19507120480,1.4387,68.194218,sell,56027794-bac4-4571-8668-735e0573caee,f99e3ec9-edb8-4b6f-ba6e-f896d84aab5e
2026-03-21T09:29:31.271882+00:00,XRP-USD,match,2026-03-21T09:29:31.707418Z,222843176,19507120530,1.4388,68.194218,sell,7b5e02af-ec9c-4d42-b42a-6740d84a3a8f,48b23e3b-dd3e-461d-95d8-3fdbfd87e553
2026-03-21T09:29:31.318396+00:00,XRP-USD,match,2026-03-21T09:29:31.755789Z,222843177,19507120550,1.4388,68.194218,sell,7ae3513b-e1ae-407c-9459-8c080d21f06f,c0dad6d5-91c6-4e34-91b5-6fffb3e28303
2026-03-21T09:29:31.383282+00:00,XRP-USD,match,2026-03-21T09:29:31.818103Z,222843178,19507120562,1.4388,68.194218,sell,7a7527c2-934a-4dfe-85d8-d2c052bf1818,66492e41-13c3-43ea-8d9d-35b3c904a2b0
2026-03-21T09:29:31.419365+00:00,XRP-USD,match,2026-03-21T09:29:31.857405Z,222843179,19507120579,1.4388,68.194218,sell,f886345e-1759-41ea-b252-44885e10da79,f00c7bdf-d4b5-4cc5-aa53-96cd14ca7517
2026-03-21T09:29:31.471676+00:00,XRP-USD,match,2026-03-21T09:29:31.907989Z,222843180,19507120591,1.4388,68.194218,sell,983aa6fb-f021-4733-810e-54df670b030f,ce531939-dc2f-4265-afdb-29c3a7ca6148
2026-03-21T09:29:31.608472+00:00,BTC-USD,match,2026-03-21T09:29:32.044200Z,984873692,124585552765,70575.79,4.4e-07,sell,27d8fbca-cfca-4fe3-9514-9aa53f96a857,bb7d1a0d-87b3-4460-bb2f-a0eb9988c055
2026-03-21T09:29:32.511850+00:00,ETH-USD,match,2026-03-21T09:29:32.949091Z,787772337,95522810049,2154.8,0.04401705,sell,016ef775-6b78-4001-b7fe-2cd332fe5aa9,6ee75cdb-6d06-4796-88f4-5b053bd91ca7
2026-03-21T09:29:32.804681+00:00,BTC-USD,match,2026-03-21T09:29:33.235329Z,984873693,124585552974,70575.79,4.4e-07,sell,27d8fbca-cfca-4fe3-9514-9aa53f96a857,20765eef-7656-4015-b919-48adeb6fcef2
2026-03-21T09:29:32.849911+00:00,XRP-USD,match,2026-03-21T09:29:33.287017Z,222843181,19507120957,1.4389,1e-05,sell,7f45447f-1cb5-42a5-a2ec-b5bc12e918d5,668f7130-157d-44a2-9f89-ad082d055e0d
2026-03-21T09:29:33.288461+00:00,XRP-USD,match,2026-03-21T09:29:33.725882Z,222843182,19507121013,1.4388,504.275581,buy,62289d21-d48d-40d2-ae54-d5c17744da6f,602e5a7e-3eb9-46ba-afc9-2f6485fb8fa6
2026-03-21T09:29:33.748507+00:00,ETH-USD,match,2026-03-21T09:29:34.185202Z,787772338,95522810121,2154.8,0.00055579,sell,016ef775-6b78-4001-b7fe-2cd332fe5aa9,7f049e41-b546-427e-8876-413d26cc0a31
2026-03-21T09:29:33.922196+00:00,BTC-USD,match,2026-03-21T09:29:34.355193Z,984873694,124585553156,70575.79,4.4e-07,sell,27d8fbca-cfca-4fe3-9514-9aa53f96a857,6fdc5a83-9cee-4d20-b402-4f41a3a8297f
2026-03-21T09:29:34.019476+00:00,ETH-USD,match,2026-03-21T09:29:34.455249Z,787772339,95522810124,2154.8,0.00022513,sell,016ef775-6b78-4001-b7fe-2cd332fe5aa9,e336b297-2c46-4c12-b505-ab010fc0a52b
2026-03-21T09:29:34.295683+00:00,BTC-USD,match,2026-03-21T09:29:34.730553Z,984873695,124585553203,70575.79,4.371e-05,sell,27d8fbca-cfca-4fe3-9514-9aa53f96a857,3a36a550-b52b-45fd-9785-83177dedc10a
2026-03-21T09:29:34.879980+00:00,BTC-USD,match,2026-03-21T09:29:35.316532Z,984873696,124585553309,70575.78,3.3e-06,buy,6993eaf8-907e-49e9-ad03-af5da1fa39aa,cedd51e0-447a-4bc2-8f57-ab00a8d4b342
2026-03-21T09:29:35.109371+00:00,BTC-USD,match,2026-03-21T09:29:35.546685Z,984873697,124585553375,70575.79,4.4e-07,sell,27d8fbca-cfca-4fe3-9514-9aa53f96a857,20bb20ce-9444-42b5-9245-74b6343d0510
2026-03-21T09:29:35.179524+00:00,SOL-USD,match,2026-03-21T09:29:35.616447Z,328325426,28294602709,90.08,0.1,sell,375c0380-2641-418d-aa2b-079266e5b6e8,246a0a20-6fe2-43c4-a20f-5bb1659487aa
2026-03-21T09:29:35.369575+00:00,BTC-USD,match,2026-03-21T09:29:35.798388Z,984873698,124585553426,70575.79,0.00100801,sell,27d8fbca-cfca-4fe3-9514-9aa53f96a857,38060c8b-32ce-42cc-9b58-fa739f1e2fb4
2026-03-21T09:29:36.251231+00:00,BTC-USD,match,2026-03-21T09:29:36.687128Z,984873699,124585553645,70575.79,4.4e-07,sell,27d8fbca-cfca-4fe3-9514-9aa53f96a857,1c87290b-cf42-4429-8a79-4f52fb4363a7
2026-03-21T09:29:36.931077+00:00,XRP-USD,match,2026-03-21T09:29:37.367611Z,222843183,19507121214,1.4389,1e-05,sell,7f45447f-1cb5-42a5-a2ec-b5bc12e918d5,b1fcf27f-0e37-4ac8-882e-5eaac4918f4b
2026-03-21T09:29:37.265367+00:00,XRP-USD,match,2026-03-21T09:29:37.696257Z,222843184,19507121269,1.4389,0.79998,sell,7f45447f-1cb5-42a5-a2ec-b5bc12e918d5,006c3f11-e855-476f-9a24-9306c2747f13
2026-03-21T09:29:37.265507+00:00,XRP-USD,match,2026-03-21T09:29:37.696257Z,222843185,19507121271,1.4389,33.87648,sell,052279a7-d032-42a3-8c50-eb5c517e12bc,006c3f11-e855-476f-9a24-9306c2747f13
2026-03-21T09:29:37.267473+00:00,XRP-USD,match,2026-03-21T09:29:37.696522Z,222843186,19507121274,1.4389,34.317738,sell,052279a7-d032-42a3-8c50-eb5c517e12bc,2b3d7ab2-e693-4df7-9403-a850a693ed74
2026-03-21T09:29:37.267539+00:00,XRP-USD,match,2026-03-21T09:29:37.696522Z,222843187,19507121276,1.439,0.358722,sell,a2c12276-2097-4498-8d44-8d55c7f9c0c6,2b3d7ab2-e693-4df7-9403-a850a693ed74
2026-03-21T09:29:37.267591+00:00,XRP-USD,match,2026-03-21T09:29:37.696533Z,222843188,19507121281,1.439,0.441278,sell,a2c12276-2097-4498-8d44-8d55c7f9c0c6,e400cef8-b1ab-4f2d-88e5-fad7a2be105d
2026-03-21T09:29:37.267642+00:00,XRP-USD,match,2026-03-21T09:29:37.696533Z,222843189,19507121283,1.439,3475.238922,sell,18b48c02-8118-475f-b3df-249b1083a366,e400cef8-b1ab-4f2d-88e5-fad7a2be105d
2026-03-21T09:29:37.267693+00:00,XRP-USD,match,2026-03-21T09:29:37.696533Z,222843190,19507121285,1.4391,945.3,sell,7443b3f8-4c30-4e0f-bf4a-92af3ff89ee7,e400cef8-b1ab-4f2d-88e5-fad7a2be105d
2026-03-21T09:29:37.267745+00:00,XRP-USD,match,2026-03-21T09:29:37.696533Z,222843191,19507121287,1.4391,0.8,sell,5ef31fb5-b760-4a36-873a-7bb1996b2679,e400cef8-b1ab-4f2d-88e5-fad7a2be105d
2026-03-21T09:29:37.267795+00:00,XRP-USD,match,2026-03-21T09:29:37.696533Z,222843192,19507121289,1.4391,200.0,sell,da2813b6-24a3-47ad-83f4-ad68d10d2208,e400cef8-b1ab-4f2d-88e5-fad7a2be105d
2026-03-21T09:29:37.267843+00:00,XRP-USD,match,2026-03-21T09:29:37.696722Z,222843193,19507121300,1.4392,216.89,sell,5b837575-3027-4d8c-bb80-eb8647f7a889,cc4c494d-cdf4-4cd7-aaad-aec0e7a9105f
2026-03-21T09:29:37.267891+00:00,XRP-USD,match,2026-03-21T09:29:37.696722Z,222843194,19507121302,1.4392,70.301241,sell,17f205ea-1e6a-44e4-ac18-041d4b0fe49e,cc4c494d-cdf4-4cd7-aaad-aec0e7a9105f
2026-03-21T09:29:37.267939+00:00,XRP-USD,match,2026-03-21T09:29:37.696722Z,222843195,19507121304,1.4392,347.526971,sell,cac11893-50a3-411f-936a-5bb284aee3d2,cc4c494d-cdf4-4cd7-aaad-aec0e7a9105f
2026-03-21T09:29:37.267986+00:00,XRP-USD,match,2026-03-21T09:29:37.696722Z,222843196,19507121306,1.4392,0.8,sell,9cee870b-20ee-473f-a644-3dd8d7291c92,cc4c494d-cdf4-4cd7-aaad-aec0e7a9105f
2026-03-21T09:29:37.268035+00:00,XRP-USD,match,2026-03-21T09:29:37.696722Z,222843197,19507121308,1.4393,400.0,sell,1a103650-41a8-44d0-98b8-f9915edc94ce,cc4c494d-cdf4-4cd7-aaad-aec0e7a9105f
2026-03-21T09:29:37.268083+00:00,XRP-USD,match,2026-03-21T09:29:37.696722Z,222843198,19507121310,1.4393,800.0,sell,ed187c4f-2e3e-4ee5-866f-1860abdb7434,cc4c494d-cdf4-4cd7-aaad-aec0e7a9105f
2026-03-21T09:29:37.268131+00:00,XRP-USD,match,2026-03-21T09:29:37.696722Z,222843199,19507121312,1.4393,128.990648,sell,1ab95771-14fc-4048-8a18-7f78de93f760,cc4c494d-cdf4-4cd7-aaad-aec0e7a9105f
2026-03-21T09:29:37.268180+00:00,XRP-USD,match,2026-03-21T09:29:37.696722Z,222843200,19507121314,1.4393,70.301241,sell,58b07c1e-7dbc-4cc4-9968-492bbcbce4f9,cc4c494d-cdf4-4cd7-aaad-aec0e7a9105f
2026-03-21T09:29:37.268226+00:00,XRP-USD,match,2026-03-21T09:29:37.698723Z,222843201,19507121385,1.4394,3473.910928,sell,80eceff7-f850-48d6-a32e-ad75d5704741,6cd3ba59-89ce-4e6e-85bf-60a89d967e46
2026-03-21T09:29:37.268275+00:00,XRP-USD,match,2026-03-21T09:29:37.698723Z,222843202,19507121387,1.4394,70.301241,sell,3da93ecf-4598-403d-956e-0610c13d6402,6cd3ba59-89ce-4e6e-85bf-60a89d967e46
2026-03-21T09:29:37.268322+00:00,XRP-USD,match,2026-03-21T09:29:37.698723Z,222843203,19507121389,1.4394,177.173972,sell,98ed8c94-eace-4e43-a162-1abda993de90,6cd3ba59-89ce-4e6e-85bf-60a89d967e46
2026-03-21T09:29:37.268369+00:00,XRP-USD,match,2026-03-21T09:29:37.701674Z,222843204,19507121541,1.4394,68.194218,sell,0b40f0f5-704f-4ec1-9857-fa48b0dd0a5f,22d344b7-437f-47b9-b04f-e648b616ee92
2026-03-21T09:29:37.268418+00:00,XRP-USD,match,2026-03-21T09:29:37.702172Z,222843205,19507121566,1.4395,0.79999,sell,120fad81-43e2-4d13-8335-d0db12c4513f,f790d03b-3f4a-4698-bcef-99490ef567bf
2026-03-21T09:29:37.268472+00:00,XRP-USD,match,2026-03-21T09:29:37.702172Z,222843206,19507121568,1.4395,704.947211,sell,2dc2c98a-3604-45a0-94a7-f6d520cbc92b,f790d03b-3f4a-4698-bcef-99490ef567bf
2026-03-21T09:29:37.268522+00:00,XRP-USD,match,2026-03-21T09:29:37.702172Z,222843207,19507121570,1.4395,3497.444577,sell,e838dbdc-3ff7-4dda-8ded-76c4a9c09a21,f790d03b-3f4a-4698-bcef-99490ef567bf
2026-03-21T09:29:37.268571+00:00,XRP-USD,match,2026-03-21T09:29:37.702963Z,222843208,19507121611,1.4393,800.0,sell,83d8f6ad-3ea7-48cf-a0ec-8d9ea46067af,80f2d675-dea0-41e9-a082-c463ea580b82
2026-03-21T09:29:37.268619+00:00,XRP-USD,match,2026-03-21T09:29:37.702963Z,222843209,19507121613,1.4394,1935.445918,sell,98636ac2-b7fd-4ec0-9c1e-77fa29e30f78,80f2d675-dea0-41e9-a082-c463ea580b82
2026-03-21T09:29:37.268667+00:00,XRP-USD,match,2026-03-21T09:29:37.702963Z,222843210,19507121615,1.4395,3843.859472,sell,e838dbdc-3ff7-4dda-8ded-76c4a9c09a21,80f2d675-dea0-41e9-a082-c463ea580b82
2026-03-21T09:29:37.269517+00:00,XRP-USD,match,2026-03-21T09:29:37.706917Z,222843211,19507121776,1.4396,0.8,sell,f10f2d84-5e69-4312-b776-857079a331a0,7421d5c1-0ed9-429a-a705-26af03e46085
2026-03-21T09:29:37.269576+00:00,XRP-USD,match,2026-03-21T09:29:37.706917Z,222843212,19507121778,1.4396,1155.960304,sell,a21329b0-0578-43cd-83b8-adf2f20f4e69,7421d5c1-0ed9-429a-a705-26af03e46085
2026-03-21T09:29:37.272588+00:00,XRP-USD,match,2026-03-21T09:29:37.707107Z,222843213,19507121792,1.4396,6.539696,sell,a21329b0-0578-43cd-83b8-adf2f20f4e69,663bf05e-0732-4c55-a28e-aa6eb8ae086d
2026-03-21T09:29:37.272652+00:00,XRP-USD,match,2026-03-21T09:29:37.707107Z,222843214,19507121794,1.4396,848.232389,sell,8db75add-c154-488f-bb05-a780474d1f39,663bf05e-0732-4c55-a28e-aa6eb8ae086d
2026-03-21T09:29:37.272700+00:00,XRP-USD,match,2026-03-21T09:29:37.707752Z,222843215,19507121821,1.4396,1237.780891,sell,8db75add-c154-488f-bb05-a780474d1f39,027d091c-6507-48a1-bd5f-631afa4b6f43
2026-03-21T09:29:37.273641+00:00,XRP-USD,match,2026-03-21T09:29:37.710790Z,222843216,19507121919,1.4395,1162.5,sell,f8a1df1e-804a-43ca-88d5-ec9138775aaf,669cc6c0-ef81-43ee-b55a-f1ec905cebe4
2026-03-21T09:29:37.276936+00:00,XRP-USD,match,2026-03-21T09:29:37.714786Z,222843217,19507122003,1.4395,68.194218,buy,6815d477-be46-4a17-bf00-daa95d279f3c,793707be-5962-487b-bbd2-688f3eace7de
2026-03-21T09:29:37.277010+00:00,XRP-USD,match,2026-03-21T09:29:37.714786Z,222843218,19507122005,1.4395,32.44051,buy,d6fe215e-d2a2-4f7a-b728-86296a9f692c,793707be-5962-487b-bbd2-688f3eace7de
2026-03-21T09:29:37.420329+00:00,BTC-USD,match,2026-03-21T09:29:37.855553Z,984873700,124585553944,70575.79,4.4e-07,sell,27d8fbca-cfca-4fe3-9514-9aa53f96a857,f59e6f8d-1a86-41e5-8892-1f2849fa4e9d
2026-03-21T09:29:37.779306+00:00,XRP-USD,match,2026-03-21T09:29:38.213777Z,222843219,19507122633,1.4397,0.8,sell,f9ba2bde-1c3a-4044-8a3c-8c605a6ddf88,590af132-15e3-44da-8609-04db1c176727
2026-03-21T09:29:37.779506+00:00,XRP-USD,match,2026-03-21T09:29:38.213777Z,222843220,19507122635,1.4397,4.4,sell,95c59320-a3cd-4e6e-9d0c-78dd97292c7a,590af132-15e3-44da-8609-04db1c176727
2026-03-21T09:29:37.782923+00:00,XRP-USD,match,2026-03-21T09:29:38.220955Z,222843221,19507122642,1.4397,5.6,sell,95c59320-a3cd-4e6e-9d0c-78dd97292c7a,9392260e-419b-4248-a8fa-c1285ed06308
2026-03-21T09:29:37.858052+00:00,XRP-USD,match,2026-03-21T09:29:38.295980Z,222843222,19507122659,1.4397,6.9,sell,95c59320-a3cd-4e6e-9d0c-78dd97292c7a,497db702-3e7c-402f-bfcf-67dee24b2bc6
2026-03-21T09:29:38.064555+00:00,SOL-USD,match,2026-03-21T09:29:38.499228Z,328325427,28294602848,90.07,0.22758544,buy,edd421b6-92e4-4aed-a1b1-77a30c662619,75b7b73b-ca45-4042-93ef-32d9d7b0a889
2026-03-21T09:29:38.516132+00:00,ETH-USD,match,2026-03-21T09:29:38.952380Z,787772340,95522810341,2154.8,0.04401889,sell,016ef775-6b78-4001-b7fe-2cd332fe5aa9,5cb3373e-01ea-4cad-9575-84cc46b66c76
2026-03-21T09:29:38.576832+00:00,BTC-USD,match,2026-03-21T09:29:39.013015Z,984873701,124585554255,70575.79,4.4e-07,sell,27d8fbca-cfca-4fe3-9514-9aa53f96a857,35dfa0a4-9965-4ae7-8c69-0dd839f503da
2026-03-21T09:29:39.746078+00:00,BTC-USD,match,2026-03-21T09:29:40.180919Z,984873702,124585554459,70575.79,4.4e-07,sell,27d8fbca-cfca-4fe3-9514-9aa53f96a857,34afcad4-3699-4f6c-8de8-6a79c2605dec
2026-03-21T09:29:39.779925+00:00,XRP-USD,match,2026-03-21T09:29:40.217587Z,222843223,19507122800,1.4397,1e-05,sell,95c59320-a3cd-4e6e-9d0c-78dd97292c7a,42236319-9047-4166-ae66-ea990dd658bb
2026-03-21T09:29:39.876047+00:00,ETH-USD,match,2026-03-21T09:29:40.314234Z,787772341,95522810405,2154.8,0.00055579,sell,016ef775-6b78-4001-b7fe-2cd332fe5aa9,2199898a-ac8f-4aca-a1bf-b92d5c1a9b6b
2026-03-21T09:29:39.908794+00:00,ETH-USD,match,2026-03-21T09:29:40.346221Z,787772342,95522810424,2154.79,0.00458977,buy,0cd7e032-5420-4539-b4f0-7680399cef31,b00ca253-4127-499c-b555-4339834d4e00
2026-03-21T09:29:39.909922+00:00,ETH-USD,match,2026-03-21T09:29:40.346221Z,787772343,95522810426,2154.79,0.00059239,buy,30d47312-5512-45cf-95e3-d4f54c046b0e,b00ca253-4127-499c-b555-4339834d4e00
2026-03-21T09:29:40.896843+00:00,BTC-USD,match,2026-03-21T09:29:41.329115Z,984873703,124585555055,70575.79,4.4e-07,sell,27d8fbca-cfca-4fe3-9514-9aa53f96a857,8f814ab2-3d7e-49a9-ba27-955ee471e04e
2026-03-21T09:29:41.828795+00:00,BTC-USD,match,2026-03-21T09:29:42.262805Z,984873704,124585555220,70575.78,6.862e-05,buy,6993eaf8-907e-49e9-ad03-af5da1fa39aa,b51e799f-a5c7-450b-9cc6-c256840769c3
2026-03-21T09:29:42.043379+00:00,BTC-USD,match,2026-03-21T09:29:42.479218Z,984873705,124585555263,70575.79,4.4e-07,sell,27d8fbca-cfca-4fe3-9514-9aa53f96a857,f5bfb8b3-c901-4b7f-9fe8-0be2fa622a20
2026-03-21T09:29:42.194624+00:00,BTC-USD,match,2026-03-21T09:29:42.627201Z,984873706,124585555319,70575.79,0.00031609,sell,27d8fbca-cfca-4fe3-9514-9aa53f96a857,74bcdd92-c725-4cc0-9894-0f9b303d3247
2026-03-21T09:29:42.194772+00:00,BTC-USD,match,2026-03-21T09:29:42.627201Z,984873707,124585555321,70575.79,0.00156541,sell,79c39d2d-eb2f-4fd9-b2bf-5d6408fa1c20,74bcdd92-c725-4cc0-9894-0f9b303d3247
2026-03-21T09:29:42.243987+00:00,XRP-USD,match,2026-03-21T09:29:42.679184Z,222843224,19507122961,1.4397,1e-05,sell,95c59320-a3cd-4e6e-9d0c-78dd97292c7a,33a72486-1aea-4acd-9680-649c147e1dd3
2026-03-21T09:29:42.268971+00:00,XRP-USD,match,2026-03-21T09:29:42.707012Z,222843225,19507122965,1.4397,103.361464,sell,95c59320-a3cd-4e6e-9d0c-78dd97292c7a,3149fbba-6f35-4fa6-a8b7-3daac5142ec9
2026-03-21T09:29:43.230841+00:00,BTC-USD,match,2026-03-21T09:29:43.666743Z,984873708,124585555555,70575.79,4.4e-07,sell,79c39d2d-eb2f-4fd9-b2bf-5d6408fa1c20,2eb42927-cf6b-4235-a8b5-0ec86ed2afa3
2026-03-21T09:29:43.527909+00:00,XRP-USD,match,2026-03-21T09:29:43.964001Z,222843226,19507123033,1.4396,1025.076342,buy,9f4d10a0-5d3c-439e-8a23-f25d3b35294a,c79a1b8f-3c7a-4c2c-af99-60154deaa644
2026-03-21T09:29:43.528055+00:00,XRP-USD,match,2026-03-21T09:29:43.964001Z,222843227,19507123035,1.4396,68.194218,buy,494e1f3f-1ec9-4874-8584-b9f5e62b1188,c79a1b8f-3c7a-4c2c-af99-60154deaa644
2026-03-21T09:29:43.533223+00:00,XRP-USD,match,2026-03-21T09:29:43.964112Z,222843228,19507123039,1.4395,3473.06637,buy,60a752b4-9ead-495e-84cc-678d0f29b071,94b291e1-a52c-47d9-8774-3616876d7afa
2026-03-21T09:29:43.533288+00:00,XRP-USD,match,2026-03-21T09:29:43.964112Z,222843229,19507123041,1.4394,0.8,buy,89623464-54a5-474c-ac34-518e2c4cbc03,94b291e1-a52c-47d9-8774-3616876d7afa
2026-03-21T09:29:43.533341+00:00,XRP-USD,match,2026-03-21T09:29:43.964112Z,222843230,19507123043,1.4394,434.206027,buy,f8550e03-c391-4878-9228-281d337a857d,94b291e1-a52c-47d9-8774-3616876d7afa
2026-03-21T09:29:43.534967+00:00,XRP-USD,match,2026-03-21T09:29:43.966718Z,222843231,19507123068,1.4393,945.4,buy,2332680d-0fc7-485d-be66-6e11eedca462,e19506e7-51e8-4d02-a91b-ebec6fe45a68
2026-03-21T09:29:43.535044+00:00,XRP-USD,match,2026-03-21T09:29:43.966718Z,222843232,19507123070,1.4393,225.0,buy,5ddf710a-0385-408f-9553-2126b328d636,e19506e7-51e8-4d02-a91b-ebec6fe45a68
2026-03-21T09:29:43.535097+00:00,XRP-USD,match,2026-03-21T09:29:43.966718Z,222843233,19507123072,1.4393,434.225897,buy,f7d202e6-a0e4-4dfe-8761-7e8b8e8cfee4,e19506e7-51e8-4d02-a91b-ebec6fe45a68
2026-03-21T09:29:43.535147+00:00,XRP-USD,match,2026-03-21T09:29:43.966718Z,222843234,19507123074,1.4393,0.8,buy,55ec1aab-c60f-4112-8743-4d3700f39fa9,e19506e7-51e8-4d02-a91b-ebec6fe45a68
2026-03-21T09:29:43.537181+00:00,XRP-USD,match,2026-03-21T09:29:43.972516Z,222843235,19507123209,1.4392,440.83344,sell,d51ed3a8-377e-4e4c-8785-5a58ca2a904d,d8ec210e-a33c-4a10-95c4-461546240a8e
2026-03-21T09:29:43.670852+00:00,XRP-USD,match,2026-03-21T09:29:44.108415Z,222843236,19507123498,1.4391,20.842938,sell,7a4e4af4-b3cb-42cb-92b7-bc20753d48bb,2f013d48-f459-4a90-8f52-f90fb075b12f
2026-03-21T09:29:43.738265+00:00,XRP-USD,match,2026-03-21T09:29:44.174329Z,222843237,19507123558,1.4392,68.194218,sell,ae21deaa-2d4a-440a-a062-43decbf6680b,b8baa606-7b25-4fae-83ff-77b391349f1a
2026-03-21T09:29:43.738400+00:00,XRP-USD,match,2026-03-21T09:29:44.174329Z,222843238,19507123560,1.4392,440.83344,sell,56ee353f-fe05-4289-8cb4-e555d760d127,b8baa606-7b25-4fae-83ff-77b391349f1a
2026-03-21T09:29:43.832320+00:00,BTC-USD,match,2026-03-21T09:29:44.260487Z,984873709,124585555618,70575.79,0.00692772,sell,79c39d2d-eb2f-4fd9-b2bf-5d6408fa1c20,e8dc7054-e999-4192-bfd2-4383abd07f3a
2026-03-21T09:29:44.078752+00:00,BTC-USD,match,2026-03-21T09:29:44.513004Z,984873710,124585555756,70575.79,0.00015081,sell,79c39d2d-eb2f-4fd9-b2bf-5d6408fa1c20,b0114392-03a3-4f1e-82dd-8281b71c16df
2026-03-21T09:29:44.380182+00:00,BTC-USD,match,2026-03-21T09:29:44.813310Z,984873711,124585555878,70575.79,4.4e-07,sell,79c39d2d-eb2f-4fd9-b2bf-5d6408fa1c20,693e882c-2b55-4827-b754-39159e137d4e
2026-03-21T09:29:45.331225+00:00,ETH-USD,match,2026-03-21T09:29:45.764913Z,787772344,95522811778,2154.8,0.00744171,sell,47e2e861-4912-441e-8d8a-758f616a6cc4,3284f2fa-d568-4d77-8799-3c79f848940d
2026-03-21T09:29:45.332179+00:00,ETH-USD,match,2026-03-21T09:29:45.764913Z,787772345,95522811780,2154.8,0.00062041,sell,29f2ca08-2e65-4780-9d5a-243a2fca716e,3284f2fa-d568-4d77-8799-3c79f848940d
2026-03-21T09:29:45.332278+00:00,ETH-USD,match,2026-03-21T09:29:45.764913Z,787772346,95522811782,2154.8,0.0003102,sell,56123b0c-4c18-4357-bcfa-e00a14513ec6,3284f2fa-d568-4d77-8799-3c79f848940d
2026-03-21T09:29:45.332366+00:00,ETH-USD,match,2026-03-21T09:29:45.764913Z,787772347,95522811784,2154.8,0.0001551,sell,41738ad4-7eb9-4780-acc2-f2b7b2c9209b,3284f2fa-d568-4d77-8799-3c79f848940d
2026-03-21T09:29:45.332557+00:00,ETH-USD,match,2026-03-21T09:29:45.764913Z,787772348,95522811786,2154.8,7.755e-05,sell,f6127646-0d12-4a2d-ba09-805e99a84bfa,3284f2fa-d568-4d77-8799-3c79f848940d
2026-03-21T09:29:45.332629+00:00,ETH-USD,match,2026-03-21T09:29:45.764913Z,787772349,95522811788,2154.8,3.878e-05,sell,9aff7b4e-3b16-470f-a4d3-4abe0272cd55,3284f2fa-d568-4d77-8799-3c79f848940d
2026-03-21T09:29:45.332689+00:00,ETH-USD,match,2026-03-21T09:29:45.764913Z,787772350,95522811790,2154.8,0.00063952,sell,916d5da9-deba-44c9-9bfb-8c171d8c11c3,3284f2fa-d568-4d77-8799-3c79f848940d
2026-03-21T09:29:45.332746+00:00,ETH-USD,match,2026-03-21T09:29:45.764913Z,787772351,95522811792,2154.8,0.00031976,sell,56a78b53-b1cc-4894-a41d-61f9f93be191,3284f2fa-d568-4d77-8799-3c79f848940d
2026-03-21T09:29:45.332802+00:00,ETH-USD,match,2026-03-21T09:29:45.764913Z,787772352,95522811794,2154.8,0.00015988,sell,1e406189-ced4-4f83-b0f2-a6bdb06ec3a4,3284f2fa-d568-4d77-8799-3c79f848940d
2026-03-21T09:29:45.332859+00:00,ETH-USD,match,2026-03-21T09:29:45.764913Z,787772353,95522811796,2154.8,0.03618103,sell,c364950c-63e8-4a80-bc70-f4e3f41966b4,3284f2fa-d568-4d77-8799-3c79f848940d
2026-03-21T09:29:45.543245+00:00,BTC-USD,match,2026-03-21T09:29:45.972941Z,984873712,124585556063,70575.79,4.4e-07,sell,79c39d2d-eb2f-4fd9-b2bf-5d6408fa1c20,1edf52c1-ee79-41c7-bf83-055f1ac8c7b0
2026-03-21T09:29:45.912840+00:00,ETH-USD,match,2026-03-21T09:29:46.349585Z,787772354,95522811836,2154.8,0.00055579,sell,c364950c-63e8-4a80-bc70-f4e3f41966b4,3b774d9b-fd33-403b-bec2-421abdbff329
2026-03-21T09:29:46.531997+00:00,SOL-USD,match,2026-03-21T09:29:46.964928Z,328325428,28294603581,90.08,0.57441554,buy,2a2ed766-da64-4962-a922-f89c6e2cf573,aa8bed4d-b002-4fc7-8e7d-538953280c14
2026-03-21T09:29:46.532190+00:00,SOL-USD,match,2026-03-21T09:29:46.964928Z,328325429,28294603583,90.08,0.09247335,buy,4ecf629c-0582-40c7-8674-0664d7eb6492,aa8bed4d-b002-4fc7-8e7d-538953280c14
2026-03-21T09:29:46.532280+00:00,SOL-USD,match,2026-03-21T09:29:46.964928Z,328325430,28294603585,90.08,1.33311111,buy,2abd9330-cd49-48ab-9ea8-271a238fda1a,aa8bed4d-b002-4fc7-8e7d-538953280c14
2026-03-21T09:29:46.675160+00:00,BTC-USD,match,2026-03-21T09:29:47.110021Z,984873713,124585556325,70575.79,4.4e-07,sell,79c39d2d-eb2f-4fd9-b2bf-5d6408fa1c20,7b426ddc-234c-4456-bb30-133ca592acc9
2026-03-21T09:29:46.901198+00:00,ETH-USD,match,2026-03-21T09:29:47.336178Z,787772355,95522811908,2154.8,0.00143158,sell,c364950c-63e8-4a80-bc70-f4e3f41966b4,c2ea76ab-a245-431f-85f3-04b1fa12504e
2026-03-21T09:29:47.531094+00:00,XRP-USD,match,2026-03-21T09:29:47.969182Z,222843239,19507123828,1.4391,1057.703063,buy,d40af059-58d2-413a-9da0-e85a3a4c9e3f,2b78df64-663a-48e0-904e-0eae1928f6f9
2026-03-21T09:29:47.829521+00:00,XRP-USD,match,2026-03-21T09:29:48.266805Z,222843240,19507124073,1.439,1e-05,sell,4203ec31-6173-4fcc-b2d6-94c20c5c152d,ce65c426-12a7-40d5-93f4-c1a59664855b
2026-03-21T09:29:47.837162+00:00,BTC-USD,match,2026-03-21T09:29:48.273599Z,984873714,124585556637,70575.79,4.4e-07,sell,79c39d2d-eb2f-4fd9-b2bf-5d6408fa1c20,25f84985-27aa-44da-b359-a85e3526c017
2026-03-21T09:29:47.968772+00:00,SOL-USD,match,2026-03-21T09:29:48.404910Z,328325431,28294603661,90.09,0.54945055,sell,d65aa37d-9bac-43fb-9ed8-7ee49c17cb31,553a1729-4ee1-47a3-84a3-fa3512a9af28
2026-03-21T09:29:48.730826+00:00,SOL-USD,match,2026-03-21T09:29:49.167310Z,328325432,28294603735,90.09,0.55666,sell,d65aa37d-9bac-43fb-9ed8-7ee49c17cb31,2f8f7d82-c8da-47b9-8086-65a94875f20e
2026-03-21T09:29:48.730963+00:00,SOL-USD,match,2026-03-21T09:29:49.167539Z,328325433,28294603738,90.09,0.55666,sell,d65aa37d-9bac-43fb-9ed8-7ee49c17cb31,aa4d12f7-ceaa-463d-b7d5-45fb9e476b97
2026-03-21T09:29:48.733422+00:00,SOL-USD,match,2026-03-21T09:29:49.167802Z,328325434,28294603741,90.09,12.90870206,sell,d65aa37d-9bac-43fb-9ed8-7ee49c17cb31,7094b820-b8bd-4181-b564-7b404e72770d
2026-03-21T09:29:48.733486+00:00,SOL-USD,match,2026-03-21T09:29:49.167802Z,328325435,28294603743,90.09,0.013,sell,45636cfa-9a71-4efb-b468-63299c9f8d32,7094b820-b8bd-4181-b564-7b404e72770d
2026-03-21T09:29:48.733539+00:00,SOL-USD,match,2026-03-21T09:29:49.167802Z,328325436,28294603745,90.09,5.55000555,sell,bf43cff9-2e50-4926-9b99-b7b4511b34a2,7094b820-b8bd-4181-b564-7b404e72770d
2026-03-21T09:29:48.734129+00:00,SOL-USD,match,2026-03-21T09:29:49.171251Z,328325437,28294603769,90.1,0.013,sell,25a7b3dd-6fec-4ff0-90d4-b7d6d9ecdd29,04252bee-9d56-4386-bab0-3014012012b5
2026-03-21T09:29:48.734189+00:00,SOL-USD,match,2026-03-21T09:29:49.171251Z,328325438,28294603771,90.1,13.87526874,sell,67cc6c7c-c421-4e02-b7e1-0e9b0725fa59,04252bee-9d56-4386-bab0-3014012012b5
2026-03-21T09:29:48.734240+00:00,SOL-USD,match,2026-03-21T09:29:49.171251Z,328325439,28294603773,90.11,19.05227197,sell,392a6af0-e779-4d9c-9548-ec9f4ad2f111,04252bee-9d56-4386-bab0-3014012012b5
2026-03-21T09:29:48.734291+00:00,SOL-USD,match,2026-03-21T09:29:49.171251Z,328325440,28294603775,90.11,17.37656133,sell,fbce8d41-790c-4dd6-bf82-11b6f8d5b22b,04252bee-9d56-4386-bab0-3014012012b5
2026-03-21T09:29:48.734340+00:00,SOL-USD,match,2026-03-21T09:29:49.171251Z,328325441,28294603777,90.11,0.013,sell,dc4c492a-3927-4fec-a10c-da702dba22f4,04252bee-9d56-4386-bab0-3014012012b5
2026-03-21T09:29:48.734389+00:00,SOL-USD,match,2026-03-21T09:29:49.171251Z,328325442,28294603779,90.11,3.0,sell,887d585f-2469-44b9-9c07-7ab417ea7a01,04252bee-9d56-4386-bab0-3014012012b5
2026-03-21T09:29:48.734436+00:00,SOL-USD,match,2026-03-21T09:29:49.171251Z,328325443,28294603781,90.11,43.74989796,sell,4d1d28df-4718-4e7d-b112-6d3680a7e3f4,04252bee-9d56-4386-bab0-3014012012b5
2026-03-21T09:29:48.737479+00:00,SOL-USD,match,2026-03-21T09:29:49.175597Z,328325444,28294603814,90.11,13.8737305,sell,9b98c67a-1364-4023-8dda-9fd5d3e78625,c12277aa-9c66-416b-ad2a-5537b4e8b8e1
2026-03-21T09:29:48.737543+00:00,SOL-USD,match,2026-03-21T09:29:49.175597Z,328325445,28294603816,90.11,4.483,sell,f476dff0-4b91-4352-9939-a645252c939d,c12277aa-9c66-416b-ad2a-5537b4e8b8e1
2026-03-21T09:29:48.738334+00:00,SOL-USD,match,2026-03-21T09:29:49.175877Z,328325446,28294603823,90.12,19.05227197,sell,cb2763cb-304c-4f4b-97ae-9a7e73820418,5fa4f8bf-9a17-47bc-899e-8de998fbe5aa
2026-03-21T09:29:48.738407+00:00,SOL-USD,match,2026-03-21T09:29:49.175877Z,328325447,28294603825,90.12,9.16785555,sell,6e9e0e21-ae61-46c1-835c-805e0dff78df,5fa4f8bf-9a17-47bc-899e-8de998fbe5aa
2026-03-21T09:29:48.738457+00:00,SOL-USD,match,2026-03-21T09:29:49.175877Z,328325448,28294603827,90.12,0.013,sell,f5e91f3a-7069-47dc-8bf8-b9fc36e8057e,5fa4f8bf-9a17-47bc-899e-8de998fbe5aa
2026-03-21T09:29:48.738516+00:00,SOL-USD,match,2026-03-21T09:29:49.175877Z,328325449,28294603829,90.12,119.53776541,sell,907ed84d-7100-4e26-9025-1fb463661830,5fa4f8bf-9a17-47bc-899e-8de998fbe5aa
2026-03-21T09:29:48.740276+00:00,SOL-USD,match,2026-03-21T09:29:49.175877Z,328325450,28294603831,90.12,8.0,sell,30875d40-9421-45a6-b8f2-f1f73a45929b,5fa4f8bf-9a17-47bc-899e-8de998fbe5aa
2026-03-21T09:29:48.740334+00:00,SOL-USD,match,2026-03-21T09:29:49.175877Z,328325451,28294603833,90.12,4.0,sell,867ddfc5-9398-41fc-8fc1-a1e36b501ea9,5fa4f8bf-9a17-47bc-899e-8de998fbe5aa
2026-03-21T09:29:48.740381+00:00,SOL-USD,match,2026-03-21T09:29:49.175877Z,328325452,28294603835,90.12,47.64705735,sell,1a3145e9-9507-4f7d-ba35-0395fe688e0c,5fa4f8bf-9a17-47bc-899e-8de998fbe5aa
2026-03-21T09:29:48.740430+00:00,SOL-USD,match,2026-03-21T09:29:49.175877Z,328325453,28294603837,90.12,11.09631602,sell,0c978c67-6c0e-4624-8708-2b183322051f,5fa4f8bf-9a17-47bc-899e-8de998fbe5aa
2026-03-21T09:29:48.740477+00:00,SOL-USD,match,2026-03-21T09:29:49.175877Z,328325454,28294603839,90.12,44.53821,sell,fd26ee9a-afc9-4a31-9aba-082c38a068cf,5fa4f8bf-9a17-47bc-899e-8de998fbe5aa
2026-03-21T09:29:49.022050+00:00,BTC-USD,match,2026-03-21T09:29:49.453777Z,984873715,124585556921,70575.79,4.4e-07,sell,79c39d2d-eb2f-4fd9-b2bf-5d6408fa1c20,69d98301-048a-4806-9a92-c12f57b1a1b7
2026-03-21T09:29:49.130001+00:00,BTC-USD,match,2026-03-21T09:29:49.563881Z,984873716,124585556983,70575.79,0.04702809,sell,79c39d2d-eb2f-4fd9-b2bf-5d6408fa1c20,a9fe0807-6579-469e-bb4a-998b3322a139
2026-03-21T09:29:49.130133+00:00,BTC-USD,match,2026-03-21T09:29:49.563881Z,984873717,124585556985,70575.79,0.00070137,sell,eefdf462-0321-40b1-9973-486314dddde0,a9fe0807-6579-469e-bb4a-998b3322a139
2026-03-21T09:29:49.130206+00:00,BTC-USD,match,2026-03-21T09:29:49.563881Z,984873718,124585556987,70575.79,0.0006211,sell,0b3cd87d-812e-484d-b024-2382e7505669,a9fe0807-6579-469e-bb4a-998b3322a139
2026-03-21T09:29:49.130312+00:00,BTC-USD,match,2026-03-21T09:29:49.563881Z,984873719,124585556989,70575.79,0.00052696,sell,efda874c-d556-4edb-9ee2-2de5065d9c25,a9fe0807-6579-469e-bb4a-998b3322a139
2026-03-21T09:29:49.130390+00:00,BTC-USD,match,2026-03-21T09:29:49.563881Z,984873720,124585556991,70575.79,0.00502863,sell,a7647bb4-cd34-40bb-b660-a12a0e99b655,a9fe0807-6579-469e-bb4a-998b3322a139
2026-03-21T09:29:49.130445+00:00,BTC-USD,match,2026-03-21T09:29:49.563881Z,984873721,124585556993,70575.79,0.01623113,sell,f8104cef-6b57-411a-8b2b-284434bf7a7b,a9fe0807-6579-469e-bb4a-998b3322a139
2026-03-21T09:29:49.268745+00:00,SOL-USD,match,2026-03-21T09:29:49.702885Z,328325455,28294604289,90.11,0.09,sell,55a925c5-71fe-4ff9-94eb-a1b1ecfcd59d,2a45ed78-6ef7-486e-90a5-16a02ef31e40
2026-03-21T09:29:49.268884+00:00,SOL-USD,match,2026-03-21T09:29:49.703776Z,328325456,28294604292,90.11,0.09,sell,55a925c5-71fe-4ff9-94eb-a1b1ecfcd59d,5756ed22-d47d-41aa-a29b-4f8e3ec05d39
2026-03-21T09:29:50.155485+00:00,BTC-USD,match,2026-03-21T09:29:50.591164Z,984873722,124585557332,70575.79,4.4e-07,sell,f8104cef-6b57-411a-8b2b-284434bf7a7b,ac83cd0d-6bab-4497-8a22-11f8d3f5ba31
2026-03-21T09:29:50.443089+00:00,XRP-USD,match,2026-03-21T09:29:50.880371Z,222843241,19507124261,1.4389,0.8,buy,022705f3-9008-4829-9e4d-b16e23e8b4e7,43e6b8d7-ce09-46bf-bfaa-74b403ff8156
2026-03-21T09:29:50.444185+00:00,XRP-USD,match,2026-03-21T09:29:50.880371Z,222843242,19507124263,1.4389,860.348404,buy,c6f3e7a4-55fd-41ad-beaa-88ec4df52ba2,43e6b8d7-ce09-46bf-bfaa-74b403ff8156
2026-03-21T09:29:50.655411+00:00,XRP-USD,match,2026-03-21T09:29:51.092123Z,222843243,19507124465,1.4388,1e-05,sell,81d8fdf8-5401-46b0-99e2-82f7f5941fe0,c35b86a6-a5dd-4fb3-bad2-25140f56b13e
2026-03-21T09:29:51.322316+00:00,BTC-USD,match,2026-03-21T09:29:51.754464Z,984873723,124585557566,70575.79,4.4e-07,sell,f8104cef-6b57-411a-8b2b-284434bf7a7b,f4515048-0fb7-454f-9cbc-ae59c75a99d6
2026-03-21T09:29:51.388870+00:00,XRP-USD,match,2026-03-21T09:29:51.826218Z,222843244,19507124575,1.4387,0.8,buy,1cf4cce1-9994-4974-bb5e-d781fe4c25f6,0cd3282d-adb0-4ed6-ac8d-8391a4de374f
2026-03-21T09:29:51.389001+00:00,XRP-USD,match,2026-03-21T09:29:51.826218Z,222843245,19507124577,1.4387,753.029151,buy,d700707d-0013-4d97-9004-ad27bf232843,0cd3282d-adb0-4ed6-ac8d-8391a4de374f
2026-03-21T09:29:51.972398+00:00,ETH-USD,match,2026-03-21T09:29:52.405803Z,787772356,95522812342,2154.8,0.00055579,sell,c364950c-63e8-4a80-bc70-f4e3f41966b4,b4586258-e291-4620-826c-43b7a96b9161
2026-03-21T09:29:52.449602+00:00,BTC-USD,match,2026-03-21T09:29:52.882575Z,984873724,124585557765,70575.79,4.4e-07,sell,f8104cef-6b57-411a-8b2b-284434bf7a7b,619a07ec-2ea4-43e8-9c68-8f736c90c436
2026-03-21T09:29:52.727830+00:00,ETH-USD,match,2026-03-21T09:29:53.162837Z,787772357,95522812381,2154.8,0.166931,sell,c364950c-63e8-4a80-bc70-f4e3f41966b4,891db62b-cddb-4189-9757-1b9a7b5f32e5
2026-03-21T09:29:53.515700+00:00,XRP-USD,match,2026-03-21T09:29:53.922435Z,222843246,19507125011,1.4387,131.802821,sell,50ba232c-a85c-4939-8233-ebd1f5a0fd9d,f092c77c-74bb-4eac-9d9b-3463d109ff27
2026-03-21T09:29:53.545813+00:00,XRP-USD,match,2026-03-21T09:29:53.980138Z,222843247,19507125067,1.4387,1e-05,sell,bbb94a6a-c2f7-4e50-bb4f-fc206cb0a7d7,b40165ff-caa7-485b-940c-d0b49b7b2527
2026-03-21T09:29:53.594849+00:00,BTC-USD,match,2026-03-21T09:29:54.027375Z,984873725,124585558070,70575.79,4.4e-07,sell,f8104cef-6b57-411a-8b2b-284434bf7a7b,2d1c880a-0f90-4846-b83d-c3c2a9ed1fb1
2026-03-21T09:29:54.793599+00:00,BTC-USD,match,2026-03-21T09:29:55.226858Z,984873726,124585558345,70575.79,4.4e-07,sell,f8104cef-6b57-411a-8b2b-284434bf7a7b,1c380392-97b3-4e5a-9b37-bc2d122937d9
2026-03-21T09:29:55.917801+00:00,BTC-USD,match,2026-03-21T09:29:56.343230Z,984873727,124585558673,70575.79,4.4e-07,sell,f8104cef-6b57-411a-8b2b-284434bf7a7b,31ce224d-ec08-4b51-9baf-be866d68acf0
2026-03-21T09:29:56.361288+00:00,BTC-USD,match,2026-03-21T09:29:56.794795Z,984873728,124585558777,70575.78,4.636e-05,buy,45836508-f9de-45f4-8b72-7f6ff8443ecb,c2edb171-41de-4790-9ad1-36d635df246f
2026-03-21T09:29:56.361436+00:00,BTC-USD,match,2026-03-21T09:29:56.794795Z,984873729,124585558779,70575.78,8.77e-06,buy,14820b23-807e-4951-8f91-006a5a07cb10,c2edb171-41de-4790-9ad1-36d635df246f
2026-03-21T09:29:56.580479+00:00,XRP-USD,match,2026-03-21T09:29:57.004843Z,222843248,19507125667,1.4388,1e-05,sell,0cfbb30a-a05e-4412-8332-da4454189eda,ff6351c6-e8c9-40e9-9f51-50da340ab3bb
2026-03-21T09:29:57.009802+00:00,SOL-USD,match,2026-03-21T09:29:57.446496Z,328325457,28294604828,90.1,0.57441554,buy,9564992d-9b12-48e5-9dc9-116f65ed6000,10d39dc7-e80b-49cb-bbec-9c9303088966
2026-03-21T09:29:57.009958+00:00,SOL-USD,match,2026-03-21T09:29:57.446496Z,328325458,28294604830,90.1,1.6457099,buy,a3f8702c-e9e0-4c87-b903-e6488ff5ad44,10d39dc7-e80b-49cb-bbec-9c9303088966
2026-03-21T09:29:57.074671+00:00,BTC-USD,match,2026-03-21T09:29:57.504267Z,984873730,124585558980,70575.79,4.4e-07,sell,f8104cef-6b57-411a-8b2b-284434bf7a7b,ab4b5c70-ec00-45e3-9173-7f9f0f1c4313
2026-03-21T09:29:57.273414+00:00,ETH-USD,match,2026-03-21T09:29:57.708236Z,787772358,95522812580,2154.8,0.0151615,sell,c364950c-63e8-4a80-bc70-f4e3f41966b4,1a7189fd-cfa4-4860-82bf-99e35f4434a3
2026-03-21T09:29:58.082738+00:00,ETH-USD,match,2026-03-21T09:29:58.515294Z,787772359,95522812623,2154.8,0.00055579,sell,c364950c-63e8-4a80-bc70-f4e3f41966b4,76b8bdf8-5f1d-4630-b547-727aabfd5bcd
2026-03-21T09:29:58.233609+00:00,BTC-USD,match,2026-03-21T09:29:58.670764Z,984873731,124585559209,70575.79,4.4e-07,sell,f8104cef-6b57-411a-8b2b-284434bf7a7b,0a9c6a9d-b20f-4569-a344-92c188bb6be9
2026-03-21T09:29:59.390295+00:00,BTC-USD,match,2026-03-21T09:29:59.824042Z,984873732,124585559548,70575.79,4.4e-07,sell,f8104cef-6b57-411a-8b2b-284434bf7a7b,4913aee4-b885-4c02-bec6-3ad1ac183558
2026-03-21T09:29:59.523479+00:00,XRP-USD,match,2026-03-21T09:29:59.937062Z,222843249,19507125953,1.4388,1e-05,sell,6ae4f780-96e2-47ac-bccd-b74a67af3af2,bf525d94-2687-4b6e-93b1-f5bd2c4c045d
2026-03-21T09:29:59.524929+00:00,XRP-USD,match,2026-03-21T09:29:59.949039Z,222843250,19507125956,1.4388,68.194208,sell,6ae4f780-96e2-47ac-bccd-b74a67af3af2,240db3ea-a04c-43a2-bf81-04a8b2e5946d
2026-03-21T09:29:59.549222+00:00,SOL-USD,match,2026-03-21T09:29:59.983787Z,328325459,28294605245,90.12,0.179,sell,bec8cf49-01a0-497a-8673-0b241bd029ed,345ca5eb-2bc1-462a-8aa2-8ecee6f83370
2026-03-21T09:30:00.573664+00:00,BTC-USD,match,2026-03-21T09:30:01.005728Z,984873733,124585559869,70575.79,4.4e-07,sell,f8104cef-6b57-411a-8b2b-284434bf7a7b,5154b1ce-5d6b-40fc-be9d-191780324ae0
2026-03-21T09:30:01.017253+00:00,BTC-USD,match,2026-03-21T09:30:01.451892Z,984873734,124585560033,70575.78,9.416e-05,buy,14820b23-807e-4951-8f91-006a5a07cb10,f41567eb-cced-49ec-af3d-e00ad74880ce
