id,curr_time,product_id,event_type,trade_time,trade_id,sequence,price,size,side,maker_order_id,taker_order_id
0,2026-03-21T11:31:22.738427+00:00,BTC-USD,match,2026-03-21T11:31:22.732292+00:00,984890325,124587660854,70589.37,0.00161239,sell,e139c28c-e56b-4cb8-a618-c27f1ec5a188,b17ef75a-ae11-414f-9deb-4acaebfdfbeb
1,2026-03-21T11:31:22.757519+00:00,SOL-USD,match,2026-03-21T11:31:22.75301+00:00,328330131,28295270050,89.95,7.58137821,sell,56bbdbc6-cc74-4484-bad6-f9abe16d4b89,da23e8a4-c064-461c-b9c2-2872374dcf66
2,2026-03-21T11:31:22.757612+00:00,SOL-USD,match,2026-03-21T11:31:22.75301+00:00,328330132,28295270052,89.95,35.38778213,sell,d7158939-a912-4311-8f56-982fb2bc16f3,da23e8a4-c064-461c-b9c2-2872374dcf66
3,2026-03-21T11:31:22.757654+00:00,SOL-USD,match,2026-03-21T11:31:22.75301+00:00,328330133,28295270054,89.95,30.03596242,sell,d2d1e5b0-3d7a-4bc5-a66c-a13f5c24b915,da23e8a4-c064-461c-b9c2-2872374dcf66
4,2026-03-21T11:31:22.757689+00:00,SOL-USD,match,2026-03-21T11:31:22.75301+00:00,328330134,28295270056,89.95,0.57441554,sell,a7db1365-2266-4f98-b642-71806dc1e0d2,da23e8a4-c064-461c-b9c2-2872374dcf66
5,2026-03-21T11:31:22.757718+00:00,SOL-USD,match,2026-03-21T11:31:22.75301+00:00,328330135,28295270058,89.95,5.55864369,sell,70e85f5e-0f54-43ee-9cc2-81640d33be31,da23e8a4-c064-461c-b9c2-2872374dcf66
6,2026-03-21T11:31:22.757966+00:00,SOL-USD,match,2026-03-21T11:31:22.75301+00:00,328330136,28295270060,89.95,21.74639936,sell,8abcf73f-ae05-441b-91f8-2b9f6271760a,da23e8a4-c064-461c-b9c2-2872374dcf66
7,2026-03-21T11:31:22.909592+00:00,ETH-USD,match,2026-03-21T11:31:22.904573+00:00,787781189,95523805030,2154.52,0.00055584,sell,91d4a2d2-3516-4586-8713-eb2d3f47490d,580ce720-2d14-45cc-83e1-2f197d690270
8,2026-03-21T11:31:23.39613+00:00,BTC-USD,match,2026-03-21T11:31:23.261325+00:00,984890326,124587660965,70589.37,0.0019717,sell,e139c28c-e56b-4cb8-a618-c27f1ec5a188,e435a789-a27f-477e-8322-660f5713f2c8
9,2026-03-21T11:31:23.45084+00:00,BTC-USD,match,2026-03-21T11:31:23.444713+00:00,984890327,124587660995,70589.37,0.0002805,sell,e139c28c-e56b-4cb8-a618-c27f1ec5a188,c13f3f3b-e9df-4b6e-87f6-58e3b6d89eb2
10,2026-03-21T11:31:24.096651+00:00,ETH-USD,match,2026-03-21T11:31:24.063954+00:00,787781190,95523805128,2154.52,0.13784973,sell,91d4a2d2-3516-4586-8713-eb2d3f47490d,99c27db3-3908-43b7-bb18-5298e4b2c60e
11,2026-03-21T11:31:24.260402+00:00,ETH-USD,match,2026-03-21T11:31:24.253415+00:00,787781191,95523805148,2154.52,0.42020447,sell,91d4a2d2-3516-4586-8713-eb2d3f47490d,979ee397-2616-46df-a848-146d77a4e210
12,2026-03-21T11:31:24.260485+00:00,ETH-USD,match,2026-03-21T11:31:24.253415+00:00,787781192,95523805150,2154.52,0.00341077,sell,10adfea9-d6f6-4241-8f7f-f52a3786bd5b,979ee397-2616-46df-a848-146d77a4e210
13,2026-03-21T11:31:24.260513+00:00,ETH-USD,match,2026-03-21T11:31:24.253415+00:00,787781193,95523805152,2154.52,0.09353728,sell,e3797bc6-313d-4d79-b1de-0d19e7ef3d3a,979ee397-2616-46df-a848-146d77a4e210
14,2026-03-21T11:31:24.260541+00:00,ETH-USD,match,2026-03-21T11:31:24.253415+00:00,787781194,95523805154,2154.52,0.00170539,sell,3f9bcfdf-2bb4-4965-bf8c-178fffd30375,979ee397-2616-46df-a848-146d77a4e210
15,2026-03-21T11:31:24.260568+00:00,ETH-USD,match,2026-03-21T11:31:24.253415+00:00,787781195,95523805156,2154.52,0.00085269,sell,da4b8ee8-3a96-41cd-80bd-775957d4bd18,979ee397-2616-46df-a848-146d77a4e210
16,2026-03-21T11:31:24.260592+00:00,ETH-USD,match,2026-03-21T11:31:24.253415+00:00,787781196,95523805158,2154.52,0.00042635,sell,367b8e3b-6973-43fc-a4b7-138cad9a6c1e,979ee397-2616-46df-a848-146d77a4e210
17,2026-03-21T11:31:24.260615+00:00,ETH-USD,match,2026-03-21T11:31:24.253415+00:00,787781197,95523805160,2154.52,0.00021317,sell,705aea27-da7b-483e-ae18-33c8f33afa43,979ee397-2616-46df-a848-146d77a4e210
18,2026-03-21T11:31:24.260641+00:00,ETH-USD,match,2026-03-21T11:31:24.253415+00:00,787781198,95523805162,2154.52,0.00072664,sell,f170e47d-90cd-4c11-be6b-261191944bdc,979ee397-2616-46df-a848-146d77a4e210
19,2026-03-21T11:31:24.260664+00:00,ETH-USD,match,2026-03-21T11:31:24.253415+00:00,787781199,95523805164,2154.52,0.00036332,sell,6fd5db70-0669-43e6-aa7e-ab51dbb5c682,979ee397-2616-46df-a848-146d77a4e210
20,2026-03-21T11:31:24.26069+00:00,ETH-USD,match,2026-03-21T11:31:24.253415+00:00,787781200,95523805166,2154.52,0.00018166,sell,f1dacfe3-2d2a-48f9-bc01-bda0b0f3a7f0,979ee397-2616-46df-a848-146d77a4e210
21,2026-03-21T11:31:24.260712+00:00,ETH-USD,match,2026-03-21T11:31:24.253415+00:00,787781201,95523805168,2154.52,9.083e-05,sell,7e9a46c1-bf18-43a6-a772-2574e408133d,979ee397-2616-46df-a848-146d77a4e210
22,2026-03-21T11:31:24.260738+00:00,ETH-USD,match,2026-03-21T11:31:24.253415+00:00,787781202,95523805170,2154.52,4.542e-05,sell,e1d42b6e-d5a8-4a11-b657-3ba84a6daaf8,979ee397-2616-46df-a848-146d77a4e210
23,2026-03-21T11:31:24.260761+00:00,ETH-USD,match,2026-03-21T11:31:24.253415+00:00,787781203,95523805172,2154.53,5e-08,sell,bcede60c-d3b5-4115-bbf1-8a64bafda4b2,979ee397-2616-46df-a848-146d77a4e210
24,2026-03-21T11:31:24.260786+00:00,ETH-USD,match,2026-03-21T11:31:24.253415+00:00,787781204,95523805174,2154.53,0.380326,sell,fa81a57e-2887-4cc8-9169-e77efb450a12,979ee397-2616-46df-a848-146d77a4e210
25,2026-03-21T11:31:24.485401+00:00,SOL-USD,match,2026-03-21T11:31:24.475793+00:00,328330137,28295270198,89.94,1.03572134,buy,8548991a-c9ae-41dd-8acd-b74833051ef8,21b5e6a9-4a7d-43b2-8e24-47fed2db19c9
26,2026-03-21T11:31:24.48548+00:00,SOL-USD,match,2026-03-21T11:31:24.475793+00:00,328330138,28295270200,89.94,0.0052257,buy,4b2400dd-746c-4602-be9c-0f61954867e9,21b5e6a9-4a7d-43b2-8e24-47fed2db19c9
27,2026-03-21T11:31:24.485509+00:00,SOL-USD,match,2026-03-21T11:31:24.475793+00:00,328330139,28295270202,89.94,0.01000667,buy,ed20317e-5c37-482a-88ff-c69fb8de0552,21b5e6a9-4a7d-43b2-8e24-47fed2db19c9
28,2026-03-21T11:31:24.485536+00:00,SOL-USD,match,2026-03-21T11:31:24.475793+00:00,328330140,28295270204,89.94,0.00500333,buy,33e34a82-0b4f-40de-9683-5385c03451b3,21b5e6a9-4a7d-43b2-8e24-47fed2db19c9
29,2026-03-21T11:31:24.485562+00:00,SOL-USD,match,2026-03-21T11:31:24.475793+00:00,328330141,28295270206,89.94,0.00244607,buy,8141dc61-f358-4a20-8120-00be87e527c4,21b5e6a9-4a7d-43b2-8e24-47fed2db19c9
30,2026-03-21T11:31:24.485585+00:00,SOL-USD,match,2026-03-21T11:31:24.475793+00:00,328330142,28295270208,89.94,0.00122303,buy,ceed925f-59cc-4a5c-b959-4acba202e0fd,21b5e6a9-4a7d-43b2-8e24-47fed2db19c9
31,2026-03-21T11:31:24.485608+00:00,SOL-USD,match,2026-03-21T11:31:24.475793+00:00,328330143,28295270210,89.94,0.00066711,buy,ee5719a6-3711-4363-8c61-44387ee7f5d6,21b5e6a9-4a7d-43b2-8e24-47fed2db19c9
32,2026-03-21T11:31:24.485632+00:00,SOL-USD,match,2026-03-21T11:31:24.475793+00:00,328330144,28295270212,89.94,0.00033355,buy,fd1c5c7f-0d04-4d10-95d3-ff6780781f79,21b5e6a9-4a7d-43b2-8e24-47fed2db19c9
33,2026-03-21T11:31:24.485654+00:00,SOL-USD,match,2026-03-21T11:31:24.475793+00:00,328330145,28295270214,89.94,0.00511452,buy,470e1475-f119-4c26-8de0-7527fe755b9a,21b5e6a9-4a7d-43b2-8e24-47fed2db19c9
34,2026-03-21T11:31:24.485677+00:00,SOL-USD,match,2026-03-21T11:31:24.475793+00:00,328330146,28295270216,89.94,0.57441554,buy,2fd15373-cbb7-4fe8-8448-0cb5882fa7ab,21b5e6a9-4a7d-43b2-8e24-47fed2db19c9
35,2026-03-21T11:31:24.485699+00:00,SOL-USD,match,2026-03-21T11:31:24.475793+00:00,328330147,28295270218,89.94,0.00255726,buy,d0d74ea2-cb8d-40af-81f9-4752473b9ebf,21b5e6a9-4a7d-43b2-8e24-47fed2db19c9
36,2026-03-21T11:31:24.485721+00:00,SOL-USD,match,2026-03-21T11:31:24.475793+00:00,328330148,28295270220,89.94,0.00133422,buy,6c061aec-9045-421a-b1a0-49fcf8f32932,21b5e6a9-4a7d-43b2-8e24-47fed2db19c9
37,2026-03-21T11:31:24.485743+00:00,SOL-USD,match,2026-03-21T11:31:24.475793+00:00,328330149,28295270222,89.94,0.00066711,buy,fe51a6fd-30d7-4a14-ab46-50e7c69542a4,21b5e6a9-4a7d-43b2-8e24-47fed2db19c9
38,2026-03-21T11:31:24.485842+00:00,SOL-USD,match,2026-03-21T11:31:24.475793+00:00,328330150,28295270224,89.94,0.00033355,buy,9b1c032f-0b98-430e-a05d-769dbd8890ba,21b5e6a9-4a7d-43b2-8e24-47fed2db19c9
39,2026-03-21T11:31:24.485866+00:00,SOL-USD,match,2026-03-21T11:31:24.475793+00:00,328330151,28295270226,89.94,12.2360491,buy,15f201c2-d2bd-457a-9d9b-6b0504824617,21b5e6a9-4a7d-43b2-8e24-47fed2db19c9
40,2026-03-21T11:31:24.779756+00:00,BTC-USD,match,2026-03-21T11:31:24.772878+00:00,984890328,124587661192,70589.37,0.02295641,sell,e139c28c-e56b-4cb8-a618-c27f1ec5a188,cb678bfa-7e6c-4937-a4c8-e99e148762a4
41,2026-03-21T11:31:25.251603+00:00,ETH-USD,match,2026-03-21T11:31:25.247436+00:00,787781205,95523805300,2154.56,0.00459499,sell,76bc998c-26e4-4a09-a513-3280188ac2ee,c910604d-db90-421c-a106-995ddc30a782
42,2026-03-21T11:31:26.635445+00:00,XRP-USD,match,2026-03-21T11:31:26.63072+00:00,222847863,19507579569,1.4399,24.544294,sell,3c44448f-8ab2-4c0f-b838-0b780f3bd329,d796fa69-7575-419e-9fa7-6cbf9e6e2656
43,2026-03-21T11:31:26.684523+00:00,XRP-USD,match,2026-03-21T11:31:26.679755+00:00,222847864,19507579595,1.4399,68.194218,sell,0f52f374-2e7a-4f55-bfd4-55fbb922a535,64127d3d-9e32-4256-9f02-3279c10ebb55
44,2026-03-21T11:31:26.778436+00:00,XRP-USD,match,2026-03-21T11:31:26.774907+00:00,222847865,19507579626,1.4399,68.194218,sell,64a5112d-e6c1-4a74-9ef1-a31abf9ed7e4,6e632af6-1216-4694-882e-3b5e756dfa95
45,2026-03-21T11:31:26.78045+00:00,XRP-USD,match,2026-03-21T11:31:26.774907+00:00,222847866,19507579628,1.44,269.232469,sell,88edf572-d1c5-47a0-a9b1-7f1f963b6e91,6e632af6-1216-4694-882e-3b5e756dfa95
46,2026-03-21T11:31:26.791304+00:00,XRP-USD,match,2026-03-21T11:31:26.787009+00:00,222847867,19507579636,1.4399,68.194218,sell,a7cbc8b1-41b1-4b7c-8925-93a293df148e,5f69dc8d-fb24-4a3b-bf43-e324ecb99125
47,2026-03-21T11:31:27.155968+00:00,XRP-USD,match,2026-03-21T11:31:27.016359+00:00,222847868,19507579662,1.4399,1e-05,sell,e1102444-843f-4ba3-b56a-46eaa7e52a2f,89ab0914-4a53-448f-b8d0-81e4153e5981
48,2026-03-21T11:31:27.15611+00:00,XRP-USD,match,2026-03-21T11:31:27.030428+00:00,222847869,19507579665,1.4399,68.194208,sell,e1102444-843f-4ba3-b56a-46eaa7e52a2f,ecf779ff-364f-467f-b68e-add196bf8338
49,2026-03-21T11:31:27.520554+00:00,BTC-USD,match,2026-03-21T11:31:27.51571+00:00,984890329,124587661548,70589.37,2.8e-07,sell,e139c28c-e56b-4cb8-a618-c27f1ec5a188,e58de09e-7da3-4402-b8df-d6bce7f933b6
50,2026-03-21T11:31:27.762744+00:00,ETH-USD,match,2026-03-21T11:31:27.757892+00:00,787781206,95523805457,2154.54,0.04510443,sell,35c78b14-0949-424d-bde7-d2dc48609f89,0cd93290-6672-43b9-ae5c-450c4c57a7c9
51,2026-03-21T11:31:27.779647+00:00,BTC-USD,match,2026-03-21T11:31:27.76439+00:00,984890330,124587661604,70589.37,0.00014025,sell,e139c28c-e56b-4cb8-a618-c27f1ec5a188,6caf997a-7ccd-4e8b-b510-b008db6694de
52,2026-03-21T11:31:27.904942+00:00,BTC-USD,match,2026-03-21T11:31:27.868683+00:00,984890331,124587661633,70589.37,7.012e-05,sell,e139c28c-e56b-4cb8-a618-c27f1ec5a188,d82ac779-0c5a-4019-a419-93060b89de53
53,2026-03-21T11:31:28.115512+00:00,SOL-USD,match,2026-03-21T11:31:28.112144+00:00,328330152,28295270521,89.95,0.55030573,sell,8abcf73f-ae05-441b-91f8-2b9f6271760a,cd838279-92ba-457c-977e-4a4b859a1862
54,2026-03-21T11:31:28.199424+00:00,BTC-USD,match,2026-03-21T11:31:28.190375+00:00,984890332,124587661669,70589.37,2.8e-07,sell,e139c28c-e56b-4cb8-a618-c27f1ec5a188,5a0a2027-17bf-489f-9e93-b61f5e6033e2
55,2026-03-21T11:31:28.505525+00:00,BTC-USD,match,2026-03-21T11:31:28.434944+00:00,984890333,124587661695,70589.37,2.8e-07,sell,e139c28c-e56b-4cb8-a618-c27f1ec5a188,d50044c8-1ed5-49e2-b1b1-235e0334f00c
56,2026-03-21T11:31:28.505576+00:00,BTC-USD,match,2026-03-21T11:31:28.469667+00:00,984890334,124587661702,70589.37,0.00014025,sell,e139c28c-e56b-4cb8-a618-c27f1ec5a188,69c5ec5e-ce78-4dc6-8c4e-654855e58b3a
57,2026-03-21T11:31:28.512239+00:00,BTC-USD,match,2026-03-21T11:31:28.506102+00:00,984890335,124587661737,70589.37,2.805e-05,sell,e139c28c-e56b-4cb8-a618-c27f1ec5a188,100ded54-49a9-4ae4-8d14-601beac161c6
58,2026-03-21T11:31:28.755098+00:00,SOL-USD,match,2026-03-21T11:31:28.75115+00:00,328330153,28295270571,89.95,6.64187944,sell,8abcf73f-ae05-441b-91f8-2b9f6271760a,15f201c2-d2bd-457a-9d9b-6b0504824617
59,2026-03-21T11:31:28.755575+00:00,SOL-USD,match,2026-03-21T11:31:28.75115+00:00,328330154,28295270573,89.95,0.57441554,sell,146c4361-66c1-4c8d-96a9-e52b90ec0c9f,15f201c2-d2bd-457a-9d9b-6b0504824617
60,2026-03-21T11:31:28.755609+00:00,SOL-USD,match,2026-03-21T11:31:28.75115+00:00,328330155,28295270575,89.95,10.29229312,sell,a4db210a-7cd9-4e3f-84f7-6d973b18983c,15f201c2-d2bd-457a-9d9b-6b0504824617
61,2026-03-21T11:31:28.931754+00:00,ETH-USD,match,2026-03-21T11:31:28.925446+00:00,787781207,95523805683,2154.53,0.00055584,sell,d298ee50-5c19-417e-ba54-8ecc3efc4d61,8d14ccca-e39f-49f8-a2ad-2c04b6d5d62d
62,2026-03-21T11:31:29.152238+00:00,XRP-USD,match,2026-03-21T11:31:29.036245+00:00,222847870,19507579734,1.4399,13.496562,sell,71d55181-3a68-47eb-994e-c57cd9abec3c,ef49b3b1-4c37-410e-917d-0cf5887896f1
63,2026-03-21T11:31:29.255905+00:00,XRP-USD,match,2026-03-21T11:31:29.250604+00:00,222847871,19507579740,1.4399,20.248281,sell,71d55181-3a68-47eb-994e-c57cd9abec3c,372519fe-d11e-489d-ab79-084351d1e038
64,2026-03-21T11:31:29.582785+00:00,XRP-USD,match,2026-03-21T11:31:29.514171+00:00,222847872,19507579749,1.4398,0.034725,buy,8df7f768-6e36-4318-b259-e0d4479e22e1,0e726971-b6ff-455c-b2e1-1a78bc6489bd
65,2026-03-21T11:31:29.582858+00:00,BTC-USD,match,2026-03-21T11:31:29.519711+00:00,984890336,124587661847,70589.37,6.9e-07,sell,e139c28c-e56b-4cb8-a618-c27f1ec5a188,8cdf6da8-4dfe-4020-9546-d8cf29165d7a
66,2026-03-21T11:31:29.734366+00:00,ETH-USD,match,2026-03-21T11:31:29.729883+00:00,787781208,95523805782,2154.53,0.023451,sell,09f484d9-19c3-4156-b663-9d399b4596f7,d02760ca-08f2-41a1-b6fc-e4d844bdbb89
67,2026-03-21T11:31:29.812524+00:00,BTC-USD,match,2026-03-21T11:31:29.804618+00:00,984890337,124587661873,70589.37,7.012e-05,sell,e139c28c-e56b-4cb8-a618-c27f1ec5a188,b6561ce1-899a-4f95-be4a-d8daa2cc9fa6
68,2026-03-21T11:31:29.997902+00:00,XRP-USD,match,2026-03-21T11:31:29.994154+00:00,222847873,19507579756,1.4399,1e-05,sell,71d55181-3a68-47eb-994e-c57cd9abec3c,e7f8db73-0b67-43db-98a0-bc1ea455804c
69,2026-03-21T11:31:30.146823+00:00,XRP-USD,match,2026-03-21T11:31:30.110491+00:00,222847874,19507579762,1.4399,6.703591,sell,71d55181-3a68-47eb-994e-c57cd9abec3c,e7cd8007-53ae-40d9-9c7d-8f61e7700689
70,2026-03-21T11:31:31.73242+00:00,BTC-USD,match,2026-03-21T11:31:31.72672+00:00,984890338,124587662101,70589.37,0.0010325,sell,e139c28c-e56b-4cb8-a618-c27f1ec5a188,8949ff29-cd83-4c7f-aa38-46899e5ede9e
71,2026-03-21T11:31:32.245549+00:00,BTC-USD,match,2026-03-21T11:31:32.237832+00:00,984890339,124587662191,70589.37,0.00012089,sell,e139c28c-e56b-4cb8-a618-c27f1ec5a188,4a5d84dc-ebe9-4c22-b240-21e2c1037238
72,2026-03-21T11:31:32.979171+00:00,XRP-USD,match,2026-03-21T11:31:32.970985+00:00,222847875,19507579839,1.4399,27.745774,sell,71d55181-3a68-47eb-994e-c57cd9abec3c,0b8b5e23-fe6a-4e2c-a7fc-bd877987497f
73,2026-03-21T11:31:32.979231+00:00,XRP-USD,match,2026-03-21T11:31:32.970985+00:00,222847876,19507579841,1.44,72.254226,sell,88edf572-d1c5-47a0-a9b1-7f1f963b6e91,0b8b5e23-fe6a-4e2c-a7fc-bd877987497f
74,2026-03-21T11:31:33.281807+00:00,XRP-USD,match,2026-03-21T11:31:33.277653+00:00,222847877,19507579873,1.4399,1e-05,sell,34e339b3-af92-44a9-a24d-8f252cf46cb1,d8338dd9-24a6-4399-9ea7-d599a9d39c2f
75,2026-03-21T11:31:34.121118+00:00,XRP-USD,match,2026-03-21T11:31:34.009627+00:00,222847878,19507579898,1.4399,68.194208,sell,34e339b3-af92-44a9-a24d-8f252cf46cb1,17a89025-b14b-45f4-8f2d-90ee6aafe4cc
76,2026-03-21T11:31:34.121199+00:00,XRP-USD,match,2026-03-21T11:31:34.009627+00:00,222847879,19507579900,1.44,30.608517,sell,88edf572-d1c5-47a0-a9b1-7f1f963b6e91,17a89025-b14b-45f4-8f2d-90ee6aafe4cc
77,2026-03-21T11:31:34.121228+00:00,ETH-USD,match,2026-03-21T11:31:34.056938+00:00,787781209,95523806268,2154.53,0.015141,sell,09f484d9-19c3-4156-b663-9d399b4596f7,c86994e7-30d0-4409-8f6d-203ac86af754
78,2026-03-21T11:31:34.750693+00:00,SOL-USD,match,2026-03-21T11:31:34.747162+00:00,328330156,28295271026,89.95,14.29889053,sell,a4db210a-7cd9-4e3f-84f7-6d973b18983c,2556c90a-89a2-4f94-b9a5-3e42027f13bc
79,2026-03-21T11:31:34.891044+00:00,SOL-USD,match,2026-03-21T11:31:34.747162+00:00,328330157,28295271028,89.95,17.94347846,sell,a5e1767e-5f5a-4f50-9f2e-c374851b0f2e,2556c90a-89a2-4f94-b9a5-3e42027f13bc
80,2026-03-21T11:31:34.891136+00:00,SOL-USD,match,2026-03-21T11:31:34.747162+00:00,328330158,28295271030,89.95,12.04234163,sell,be8db28e-ed56-4096-9bd3-20b683d4fd6a,2556c90a-89a2-4f94-b9a5-3e42027f13bc
81,2026-03-21T11:31:34.891172+00:00,SOL-USD,match,2026-03-21T11:31:34.747162+00:00,328330159,28295271032,89.95,17.8429129,sell,b865f695-ba5a-43e5-887c-834d33fb390c,2556c90a-89a2-4f94-b9a5-3e42027f13bc
82,2026-03-21T11:31:34.891202+00:00,SOL-USD,match,2026-03-21T11:31:34.747162+00:00,328330160,28295271034,89.95,5.55864369,sell,13180d35-e3ee-4394-949a-658a32b7d952,2556c90a-89a2-4f94-b9a5-3e42027f13bc
83,2026-03-21T11:31:34.891227+00:00,SOL-USD,match,2026-03-21T11:31:34.747162+00:00,328330161,28295271036,89.95,32.2490025,sell,8522f71b-a470-42c5-a27b-f639b08d95be,2556c90a-89a2-4f94-b9a5-3e42027f13bc
84,2026-03-21T11:31:34.891633+00:00,SOL-USD,match,2026-03-21T11:31:34.747162+00:00,328330162,28295271038,89.95,0.57441554,sell,c3a42cf7-33c4-4a7c-b55e-9bb9e45c1359,2556c90a-89a2-4f94-b9a5-3e42027f13bc
85,2026-03-21T11:31:34.891676+00:00,SOL-USD,match,2026-03-21T11:31:34.747162+00:00,328330163,28295271040,89.95,0.39507368,sell,d95c5897-0a9f-4b8a-a6c7-d4ded7ec2aac,2556c90a-89a2-4f94-b9a5-3e42027f13bc
86,2026-03-21T11:31:34.935667+00:00,ETH-USD,match,2026-03-21T11:31:34.913218+00:00,787781210,95523806364,2154.53,0.00055584,sell,09f484d9-19c3-4156-b663-9d399b4596f7,022e6c72-e3e3-45fa-9fad-3b767be423ad
87,2026-03-21T11:31:36.218033+00:00,ETH-USD,match,2026-03-21T11:31:36.109882+00:00,787781211,95523806494,2154.52,5e-08,buy,dd30f91a-bff5-4ec8-9b62-1a4242edcbaa,b5133f6b-56bf-4067-8561-419ac555f8c9
88,2026-03-21T11:31:36.218111+00:00,ETH-USD,match,2026-03-21T11:31:36.109882+00:00,787781212,95523806496,2154.52,0.00187208,buy,9e5cd5e5-85e8-4cff-91f9-8b95001ffdb7,b5133f6b-56bf-4067-8561-419ac555f8c9
89,2026-03-21T11:31:36.21814+00:00,ETH-USD,match,2026-03-21T11:31:36.109882+00:00,787781213,95523806498,2154.51,0.00125318,buy,6a726e37-128d-4a63-a551-dfbf3cb8081b,b5133f6b-56bf-4067-8561-419ac555f8c9
90,2026-03-21T11:31:36.21816+00:00,ETH-USD,match,2026-03-21T11:31:36.109882+00:00,787781214,95523806500,2154.51,0.05252736,buy,236a8c06-559e-4331-b8b2-47d7efa8f5e3,b5133f6b-56bf-4067-8561-419ac555f8c9
91,2026-03-21T11:31:36.218177+00:00,ETH-USD,match,2026-03-21T11:31:36.109882+00:00,787781215,95523806502,2154.51,0.02427389,buy,48a75e14-66ab-4a03-9bd9-4e0784245eea,b5133f6b-56bf-4067-8561-419ac555f8c9
92,2026-03-21T11:31:36.218192+00:00,ETH-USD,match,2026-03-21T11:31:36.109882+00:00,787781216,95523806504,2154.51,0.02427401,buy,0f0c4a9d-650a-4973-bfbc-5d3a146cbdd4,b5133f6b-56bf-4067-8561-419ac555f8c9
93,2026-03-21T11:31:36.218208+00:00,ETH-USD,match,2026-03-21T11:31:36.109882+00:00,787781217,95523806506,2154.51,0.02427423,buy,b1ff4ce6-29cc-418c-866e-f6e6a58d47d8,b5133f6b-56bf-4067-8561-419ac555f8c9
94,2026-03-21T11:31:36.218223+00:00,ETH-USD,match,2026-03-21T11:31:36.109882+00:00,787781218,95523806508,2154.51,0.0242744,buy,cc7fcc1a-ed3a-41c5-b840-23c845873b30,b5133f6b-56bf-4067-8561-419ac555f8c9
95,2026-03-21T11:31:36.21824+00:00,ETH-USD,match,2026-03-21T11:31:36.109882+00:00,787781219,95523806510,2154.51,0.02427452,buy,4c0a223a-b7c9-403c-8adb-5d517b9b0153,b5133f6b-56bf-4067-8561-419ac555f8c9
96,2026-03-21T11:31:36.218261+00:00,ETH-USD,match,2026-03-21T11:31:36.109882+00:00,787781220,95523806512,2154.51,0.02427474,buy,0d44fa0e-90d8-4b0b-81bf-99eb003aa804,b5133f6b-56bf-4067-8561-419ac555f8c9
97,2026-03-21T11:31:36.218285+00:00,ETH-USD,match,2026-03-21T11:31:36.109882+00:00,787781221,95523806514,2154.51,0.02427485,buy,c64b9560-c194-4ccc-9989-cd9b79c6c8a5,b5133f6b-56bf-4067-8561-419ac555f8c9
98,2026-03-21T11:31:36.218306+00:00,ETH-USD,match,2026-03-21T11:31:36.109882+00:00,787781222,95523806516,2154.51,0.02427508,buy,458f77e6-1541-40b3-95bd-053110847d0c,b5133f6b-56bf-4067-8561-419ac555f8c9
99,2026-03-21T11:31:36.218326+00:00,ETH-USD,match,2026-03-21T11:31:36.109882+00:00,787781223,95523806518,2154.51,0.02427524,buy,7730c95f-26a6-41bc-af0e-15bd1251f300,b5133f6b-56bf-4067-8561-419ac555f8c9
100,2026-03-21T11:31:36.218348+00:00,ETH-USD,match,2026-03-21T11:31:36.109882+00:00,787781224,95523806520,2154.51,0.0242059,buy,8b9a4853-a5f6-47b2-a452-0e83caf7b554,b5133f6b-56bf-4067-8561-419ac555f8c9
101,2026-03-21T11:31:36.218367+00:00,ETH-USD,match,2026-03-21T11:31:36.109882+00:00,787781225,95523806522,2154.5,5e-08,buy,74a05105-3e32-4e3c-b993-4c92f40bd445,b5133f6b-56bf-4067-8561-419ac555f8c9
102,2026-03-21T11:31:36.218634+00:00,ETH-USD,match,2026-03-21T11:31:36.109882+00:00,787781226,95523806524,2154.46,0.001,buy,beac566b-440c-46c7-adc6-f52f327259d6,b5133f6b-56bf-4067-8561-419ac555f8c9
103,2026-03-21T11:31:36.3367+00:00,XRP-USD,match,2026-03-21T11:31:36.33067+00:00,222847880,19507580010,1.4399,1e-05,sell,eea90e5e-7ac9-48dd-ba6e-b42ff26188e6,510911a6-36a4-4842-9523-c98178374939
104,2026-03-21T11:31:36.616058+00:00,BTC-USD,match,2026-03-21T11:31:36.493773+00:00,984890340,124587662752,70589.36,3.632e-05,buy,d9fb3169-5c04-421f-bee4-7fbdcdf107dd,8aaee01c-b9fa-49ec-872c-d04b963f90c3
105,2026-03-21T11:31:36.616235+00:00,BTC-USD,match,2026-03-21T11:31:36.493773+00:00,984890341,124587662754,70589.36,0.00496079,buy,5a075622-6b14-4980-9a48-3e7e66c8b7b6,8aaee01c-b9fa-49ec-872c-d04b963f90c3
106,2026-03-21T11:31:36.947134+00:00,SOL-USD,match,2026-03-21T11:31:36.928696+00:00,328330164,28295271260,89.94,0.00511452,buy,18510640-b894-486e-804c-9b35340d2cd7,a570b570-d166-43e3-8478-a52cca4cfcce
107,2026-03-21T11:31:36.947215+00:00,SOL-USD,match,2026-03-21T11:31:36.928696+00:00,328330165,28295271262,89.94,0.00255726,buy,94217cc2-126f-46c9-9e54-8eba91bcb91e,a570b570-d166-43e3-8478-a52cca4cfcce
108,2026-03-21T11:31:36.947243+00:00,SOL-USD,match,2026-03-21T11:31:36.928696+00:00,328330166,28295271264,89.94,0.00133422,buy,7d229c7e-9048-4321-b8c4-ecfec1e14e4b,a570b570-d166-43e3-8478-a52cca4cfcce
109,2026-03-21T11:31:36.94727+00:00,SOL-USD,match,2026-03-21T11:31:36.928696+00:00,328330167,28295271266,89.94,0.00066711,buy,8298cda4-3acb-4979-8d79-e5667d14e6a4,a570b570-d166-43e3-8478-a52cca4cfcce
110,2026-03-21T11:31:36.947294+00:00,SOL-USD,match,2026-03-21T11:31:36.928696+00:00,328330168,28295271268,89.94,0.00033355,buy,bab68c76-3f53-4922-9ff9-dae7ede9c22e,a570b570-d166-43e3-8478-a52cca4cfcce
111,2026-03-21T11:31:36.947326+00:00,SOL-USD,match,2026-03-21T11:31:36.928696+00:00,328330169,28295271270,89.94,0.00511452,buy,5152d2fe-aca5-4e1d-99d3-dded4d2d01fc,a570b570-d166-43e3-8478-a52cca4cfcce
112,2026-03-21T11:31:36.947352+00:00,SOL-USD,match,2026-03-21T11:31:36.928696+00:00,328330170,28295271272,89.94,0.00255726,buy,1c0ef318-4a0d-4eba-b96f-058e5603a30a,a570b570-d166-43e3-8478-a52cca4cfcce
113,2026-03-21T11:31:36.947377+00:00,SOL-USD,match,2026-03-21T11:31:36.928696+00:00,328330171,28295271274,89.94,0.00133422,buy,8a519fbc-f5a1-4e1b-970d-862eafd7b796,a570b570-d166-43e3-8478-a52cca4cfcce
114,2026-03-21T11:31:36.947403+00:00,SOL-USD,match,2026-03-21T11:31:36.928696+00:00,328330172,28295271276,89.94,0.00066711,buy,7fb47acf-8f0a-427b-bbef-930c55f142c4,a570b570-d166-43e3-8478-a52cca4cfcce
115,2026-03-21T11:31:36.947422+00:00,SOL-USD,match,2026-03-21T11:31:36.928696+00:00,328330173,28295271278,89.94,0.00033355,buy,80edd69b-19e5-4b69-af58-f25f3858f802,a570b570-d166-43e3-8478-a52cca4cfcce
116,2026-03-21T11:31:36.94744+00:00,SOL-USD,match,2026-03-21T11:31:36.928696+00:00,328330174,28295271280,89.94,0.41996886,buy,4b053275-908a-4f80-9cd7-ab0e07664405,a570b570-d166-43e3-8478-a52cca4cfcce
117,2026-03-21T11:31:36.947481+00:00,SOL-USD,match,2026-03-21T11:31:36.928696+00:00,328330175,28295271282,89.94,0.00511452,buy,f5205aa3-9291-4167-b567-b996d55fd4bf,a570b570-d166-43e3-8478-a52cca4cfcce
118,2026-03-21T11:31:36.947498+00:00,SOL-USD,match,2026-03-21T11:31:36.928696+00:00,328330176,28295271284,89.94,0.00255726,buy,bcf30d25-7a1d-4ca3-9c2c-c31868085f1e,a570b570-d166-43e3-8478-a52cca4cfcce
119,2026-03-21T11:31:36.947519+00:00,SOL-USD,match,2026-03-21T11:31:36.928696+00:00,328330177,28295271286,89.94,42.6057,buy,df0365eb-5602-41d1-9a76-b3003b52a0f6,a570b570-d166-43e3-8478-a52cca4cfcce
120,2026-03-21T11:31:36.947543+00:00,SOL-USD,match,2026-03-21T11:31:36.928696+00:00,328330178,28295271288,89.94,0.00133422,buy,51349cfe-6ce3-4fc8-9baf-6974f88b46da,a570b570-d166-43e3-8478-a52cca4cfcce
121,2026-03-21T11:31:36.947565+00:00,SOL-USD,match,2026-03-21T11:31:36.928696+00:00,328330179,28295271290,89.94,0.67472,buy,9201dd5e-8c9b-48ad-9c3a-197f8a2677ab,a570b570-d166-43e3-8478-a52cca4cfcce
122,2026-03-21T11:31:36.947588+00:00,SOL-USD,match,2026-03-21T11:31:36.928696+00:00,328330180,28295271292,89.94,0.00066711,buy,01c5b7cd-e906-459f-aae0-5abbed52b847,a570b570-d166-43e3-8478-a52cca4cfcce
123,2026-03-21T11:31:36.947619+00:00,SOL-USD,match,2026-03-21T11:31:36.928696+00:00,328330181,28295271294,89.94,0.00033355,buy,c8daea00-d3f8-46cc-b832-9dc19a1d8b6b,a570b570-d166-43e3-8478-a52cca4cfcce
124,2026-03-21T11:31:36.947648+00:00,SOL-USD,match,2026-03-21T11:31:36.928696+00:00,328330182,28295271296,89.94,0.00511452,buy,22dea7da-add0-4c89-bd45-9d91ea15aa5c,a570b570-d166-43e3-8478-a52cca4cfcce
125,2026-03-21T11:31:36.947702+00:00,SOL-USD,match,2026-03-21T11:31:36.928696+00:00,328330183,28295271298,89.94,0.00255726,buy,cac2bd9b-cbda-40da-9fe5-670fc945ea5f,a570b570-d166-43e3-8478-a52cca4cfcce
126,2026-03-21T11:31:36.947726+00:00,SOL-USD,match,2026-03-21T11:31:36.928696+00:00,328330184,28295271300,89.94,0.00133422,buy,132972ff-f36c-4bf3-a38a-e31f17503a36,a570b570-d166-43e3-8478-a52cca4cfcce
127,2026-03-21T11:31:36.947748+00:00,SOL-USD,match,2026-03-21T11:31:36.928696+00:00,328330185,28295271302,89.94,9.85848948,buy,4282243e-9827-4139-99b1-24717c03eb7d,a570b570-d166-43e3-8478-a52cca4cfcce
128,2026-03-21T11:31:36.947765+00:00,SOL-USD,match,2026-03-21T11:31:36.928696+00:00,328330186,28295271304,89.94,0.00066711,buy,779456e2-a9d5-466f-942b-fc40a8e53fa2,a570b570-d166-43e3-8478-a52cca4cfcce
129,2026-03-21T11:31:36.947783+00:00,SOL-USD,match,2026-03-21T11:31:36.928696+00:00,328330187,28295271306,89.94,0.00033355,buy,5bae249f-657c-41d9-beec-5337de8c1f69,a570b570-d166-43e3-8478-a52cca4cfcce
130,2026-03-21T11:31:36.947806+00:00,SOL-USD,match,2026-03-21T11:31:36.928696+00:00,328330188,28295271308,89.94,0.00511452,buy,f5d762c2-23f7-4903-bab1-86047a1ac175,a570b570-d166-43e3-8478-a52cca4cfcce
131,2026-03-21T11:31:36.947825+00:00,SOL-USD,match,2026-03-21T11:31:36.928696+00:00,328330189,28295271310,89.94,0.00255726,buy,37ffdca4-53ef-4fff-88cc-98316a1ed56a,a570b570-d166-43e3-8478-a52cca4cfcce
132,2026-03-21T11:31:36.947845+00:00,SOL-USD,match,2026-03-21T11:31:36.928696+00:00,328330190,28295271312,89.94,0.00122303,buy,ec11d905-c613-4b36-9456-17c52f345afd,a570b570-d166-43e3-8478-a52cca4cfcce
133,2026-03-21T11:31:36.947864+00:00,SOL-USD,match,2026-03-21T11:31:36.928696+00:00,328330191,28295271314,89.94,0.00066711,buy,e7b36fb1-8a49-4b6a-a43c-d78d845095de,a570b570-d166-43e3-8478-a52cca4cfcce
134,2026-03-21T11:31:36.94788+00:00,SOL-USD,match,2026-03-21T11:31:36.928696+00:00,328330192,28295271316,89.94,0.00033355,buy,936406ea-1e22-4100-859a-ce80975d98e8,a570b570-d166-43e3-8478-a52cca4cfcce
135,2026-03-21T11:31:36.947899+00:00,SOL-USD,match,2026-03-21T11:31:36.928696+00:00,328330193,28295271318,89.94,0.00511452,buy,13a68e8f-2d41-4824-a3a2-842980f2b929,a570b570-d166-43e3-8478-a52cca4cfcce
136,2026-03-21T11:31:36.947922+00:00,SOL-USD,match,2026-03-21T11:31:36.928696+00:00,328330194,28295271320,89.94,0.00255726,buy,366ac41c-4760-4f22-b537-da57fae3d1ed,a570b570-d166-43e3-8478-a52cca4cfcce
137,2026-03-21T11:31:36.947942+00:00,SOL-USD,match,2026-03-21T11:31:36.928696+00:00,328330195,28295271322,89.94,0.00133422,buy,3a975b9d-7b89-4653-a58d-6bb2fd1536cf,a570b570-d166-43e3-8478-a52cca4cfcce
138,2026-03-21T11:31:36.947957+00:00,SOL-USD,match,2026-03-21T11:31:36.928696+00:00,328330196,28295271324,89.94,0.00066711,buy,24aea64b-ba25-47b9-9328-361f65db6a21,a570b570-d166-43e3-8478-a52cca4cfcce
139,2026-03-21T11:31:36.947972+00:00,SOL-USD,match,2026-03-21T11:31:36.928696+00:00,328330197,28295271326,89.94,0.00033355,buy,12f534c9-eccf-4986-b472-a588760684bb,a570b570-d166-43e3-8478-a52cca4cfcce
140,2026-03-21T11:31:36.948001+00:00,SOL-USD,match,2026-03-21T11:31:36.928696+00:00,328330198,28295271328,89.94,0.00511452,buy,543b4d95-7972-4d3f-8d40-1863dd3d51da,a570b570-d166-43e3-8478-a52cca4cfcce
141,2026-03-21T11:31:36.948018+00:00,SOL-USD,match,2026-03-21T11:31:36.928696+00:00,328330199,28295271330,89.94,0.00255726,buy,39a73bbe-2abe-4d37-9aca-2c13a0d7c056,a570b570-d166-43e3-8478-a52cca4cfcce
142,2026-03-21T11:31:36.948034+00:00,SOL-USD,match,2026-03-21T11:31:36.928696+00:00,328330200,28295271332,89.94,0.00133422,buy,b020e23e-7c4d-4910-9fff-13309ffdc362,a570b570-d166-43e3-8478-a52cca4cfcce
143,2026-03-21T11:31:36.94805+00:00,SOL-USD,match,2026-03-21T11:31:36.928696+00:00,328330201,28295271334,89.94,0.00066711,buy,e84597e2-1306-48d4-9a25-473dd102c6b7,a570b570-d166-43e3-8478-a52cca4cfcce
144,2026-03-21T11:31:36.948067+00:00,SOL-USD,match,2026-03-21T11:31:36.928696+00:00,328330202,28295271336,89.94,0.00033355,buy,8a93bd33-c689-4c54-82fd-b1f8b0ec4546,a570b570-d166-43e3-8478-a52cca4cfcce
145,2026-03-21T11:31:36.95048+00:00,SOL-USD,match,2026-03-21T11:31:36.928696+00:00,328330203,28295271338,89.94,0.00511452,buy,66297485-0738-4f86-a1d7-c6c5e7271f08,a570b570-d166-43e3-8478-a52cca4cfcce
146,2026-03-21T11:31:36.950536+00:00,SOL-USD,match,2026-03-21T11:31:36.928696+00:00,328330204,28295271340,89.94,0.00255726,buy,29e94869-cb6b-4c24-8147-317900a3e7cb,a570b570-d166-43e3-8478-a52cca4cfcce
147,2026-03-21T11:31:36.950556+00:00,SOL-USD,match,2026-03-21T11:31:36.928696+00:00,328330205,28295271342,89.94,0.00133422,buy,5304b7fb-91a9-44f7-a7c9-1741ba7f987a,a570b570-d166-43e3-8478-a52cca4cfcce
148,2026-03-21T11:31:36.95063+00:00,SOL-USD,match,2026-03-21T11:31:36.928696+00:00,328330206,28295271344,89.94,0.00066711,buy,9ad62aed-dded-4476-9c60-157eff683aab,a570b570-d166-43e3-8478-a52cca4cfcce
149,2026-03-21T11:31:36.950655+00:00,SOL-USD,match,2026-03-21T11:31:36.928696+00:00,328330207,28295271346,89.94,0.00033355,buy,d794e3da-a939-4202-a254-59fe31ab6c0b,a570b570-d166-43e3-8478-a52cca4cfcce
150,2026-03-21T11:31:36.95068+00:00,SOL-USD,match,2026-03-21T11:31:36.928696+00:00,328330208,28295271348,89.94,0.00511452,buy,dad0ee2a-f27a-4c06-94f9-0d211a2a4dd3,a570b570-d166-43e3-8478-a52cca4cfcce
151,2026-03-21T11:31:36.950702+00:00,SOL-USD,match,2026-03-21T11:31:36.928696+00:00,328330209,28295271350,89.94,0.57441554,buy,709cf51e-c0cf-43c2-8274-da578c41805b,a570b570-d166-43e3-8478-a52cca4cfcce
152,2026-03-21T11:31:36.950719+00:00,SOL-USD,match,2026-03-21T11:31:36.928696+00:00,328330210,28295271352,89.94,10.76678223,buy,0cc53daf-c5f6-45b5-b00b-eccc5883903c,a570b570-d166-43e3-8478-a52cca4cfcce
153,2026-03-21T11:31:36.950736+00:00,SOL-USD,match,2026-03-21T11:31:36.928696+00:00,328330211,28295271354,89.94,0.00255726,buy,77898075-b598-4520-95d0-220c3b7e06ae,a570b570-d166-43e3-8478-a52cca4cfcce
154,2026-03-21T11:31:36.950752+00:00,SOL-USD,match,2026-03-21T11:31:36.928696+00:00,328330212,28295271356,89.94,0.00133422,buy,d64e8afb-29d9-4e16-b439-f28dd7683eb4,a570b570-d166-43e3-8478-a52cca4cfcce
155,2026-03-21T11:31:36.950772+00:00,SOL-USD,match,2026-03-21T11:31:36.928696+00:00,328330213,28295271358,89.94,0.00066711,buy,8a3f8010-9333-44a8-9a6b-e5462e393148,a570b570-d166-43e3-8478-a52cca4cfcce
156,2026-03-21T11:31:36.9508+00:00,SOL-USD,match,2026-03-21T11:31:36.928696+00:00,328330214,28295271360,89.94,0.00533689,buy,9d01a5a6-bd09-423c-964b-4a58dc33ef92,a570b570-d166-43e3-8478-a52cca4cfcce
157,2026-03-21T11:31:36.950823+00:00,SOL-USD,match,2026-03-21T11:31:36.928696+00:00,328330215,28295271362,89.94,0.00266844,buy,869c12e5-6b89-44b7-8762-f9eae6e398d5,a570b570-d166-43e3-8478-a52cca4cfcce
158,2026-03-21T11:31:36.950845+00:00,SOL-USD,match,2026-03-21T11:31:36.928696+00:00,328330216,28295271364,89.94,0.00133422,buy,33fb20b7-72d5-4e9a-b0a4-a666790fe268,a570b570-d166-43e3-8478-a52cca4cfcce
159,2026-03-21T11:31:36.950876+00:00,SOL-USD,match,2026-03-21T11:31:36.928696+00:00,328330217,28295271366,89.94,0.00066711,buy,f829eb48-fac5-4cb4-b61e-53e00caa03c3,a570b570-d166-43e3-8478-a52cca4cfcce
160,2026-03-21T11:31:36.950899+00:00,SOL-USD,match,2026-03-21T11:31:36.928696+00:00,328330218,28295271368,89.94,0.00033355,buy,4dc62512-80b7-4b0d-9eea-f276f0b0ca91,a570b570-d166-43e3-8478-a52cca4cfcce
161,2026-03-21T11:31:36.950921+00:00,SOL-USD,match,2026-03-21T11:31:36.928696+00:00,328330219,28295271370,89.94,0.00511452,buy,28ccd926-1703-468d-8dac-81275de425da,a570b570-d166-43e3-8478-a52cca4cfcce
162,2026-03-21T11:31:36.950943+00:00,SOL-USD,match,2026-03-21T11:31:36.928696+00:00,328330220,28295271372,89.94,0.00255726,buy,90aa7619-dd08-49be-a97a-bc21d8c5dd3f,a570b570-d166-43e3-8478-a52cca4cfcce
163,2026-03-21T11:31:36.950967+00:00,SOL-USD,match,2026-03-21T11:31:36.928696+00:00,328330221,28295271374,89.94,0.00133422,buy,805917c2-4a30-41de-b882-c4dfc2f28630,a570b570-d166-43e3-8478-a52cca4cfcce
164,2026-03-21T11:31:36.994877+00:00,SOL-USD,match,2026-03-21T11:31:36.990508+00:00,328330222,28295271561,89.93,0.013,buy,473aa55a-b5ba-47c0-9a74-97f7e3408ec8,eb741e15-a921-4444-ae58-011c5778e66a
165,2026-03-21T11:31:36.994974+00:00,SOL-USD,match,2026-03-21T11:31:36.990508+00:00,328330223,28295271563,89.93,0.57441553,buy,ce3b9d16-b47e-48c4-80e6-1bbe4439b32d,eb741e15-a921-4444-ae58-011c5778e66a
166,2026-03-21T11:31:37.002209+00:00,SOL-USD,match,2026-03-21T11:31:36.992401+00:00,328330224,28295271567,89.93,1e-08,buy,ce3b9d16-b47e-48c4-80e6-1bbe4439b32d,f64a1d43-ceaf-4430-893e-2f4a64b29a5e
167,2026-03-21T11:31:37.383011+00:00,ETH-USD,match,2026-03-21T11:31:37.379184+00:00,787781227,95523807332,2154.44,0.02297485,sell,237e7739-d50e-4c75-a83c-d412f96c15df,b1875db4-800b-41ca-8500-5f9c741f106b
168,2026-03-21T11:31:37.640191+00:00,ETH-USD,match,2026-03-21T11:31:37.519965+00:00,787781228,95523807356,2154.43,0.00917179,buy,932d6e40-cfa9-4e35-b5f6-9b955f8cbca8,704d3cae-fc04-4eb5-b46d-ed5fbacc48ed
169,2026-03-21T11:31:37.640293+00:00,ETH-USD,match,2026-03-21T11:31:37.519965+00:00,787781229,95523807358,2154.43,0.00208871,buy,6c26650e-38e4-4214-a053-7a9f173532b9,704d3cae-fc04-4eb5-b46d-ed5fbacc48ed
170,2026-03-21T11:31:37.640333+00:00,SOL-USD,match,2026-03-21T11:31:37.532175+00:00,328330225,28295271924,89.92,0.013,buy,92fa3504-0330-420c-905f-c63cbc509c9e,08c2defb-0459-43d2-a90f-e06582f14dba
171,2026-03-21T11:31:37.640365+00:00,SOL-USD,match,2026-03-21T11:31:37.532175+00:00,328330226,28295271926,89.92,0.57441554,buy,c8881f46-d5b6-4ce6-a5e7-ce5a6b127db2,08c2defb-0459-43d2-a90f-e06582f14dba
172,2026-03-21T11:31:38.228231+00:00,BTC-USD,match,2026-03-21T11:31:38.221942+00:00,984890342,124587663247,70589.36,0.04191034,buy,5a075622-6b14-4980-9a48-3e7e66c8b7b6,9412bf3a-38ed-4d64-96f3-0e86165f5aee
173,2026-03-21T11:31:38.231128+00:00,XRP-USD,match,2026-03-21T11:31:38.222946+00:00,222847881,19507580288,1.4398,116.165829,buy,8df7f768-6e36-4318-b259-e0d4479e22e1,e5d8f2e3-f765-4994-aaa4-7fc48c7dfd1d
174,2026-03-21T11:31:38.231188+00:00,BTC-USD,match,2026-03-21T11:31:38.223675+00:00,984890343,124587663256,70589.36,0.00487587,buy,5a075622-6b14-4980-9a48-3e7e66c8b7b6,cf0267d9-4b2d-42d3-a400-05ce998af4d1
175,2026-03-21T11:31:38.231212+00:00,BTC-USD,match,2026-03-21T11:31:38.223675+00:00,984890344,124587663258,70589.36,6.336e-05,buy,f915226d-a11c-4a00-82de-e0e47f576f30,cf0267d9-4b2d-42d3-a400-05ce998af4d1
176,2026-03-21T11:31:38.231241+00:00,BTC-USD,match,2026-03-21T11:31:38.223675+00:00,984890345,124587663260,70589.36,3.632e-05,buy,dcaa49c0-bf72-4b36-beb3-20690f230dd8,cf0267d9-4b2d-42d3-a400-05ce998af4d1
177,2026-03-21T11:31:38.281716+00:00,BTC-USD,match,2026-03-21T11:31:38.276084+00:00,984890346,124587663464,70588.35,1.6e-05,buy,5ec85f12-de30-48de-a25c-bbfa463c0856,b2bbd9e8-30f5-41b0-9d91-25ee52edad43
178,2026-03-21T11:31:38.28197+00:00,BTC-USD,match,2026-03-21T11:31:38.276084+00:00,984890347,124587663466,70588.35,5.421e-05,buy,f9d7e3ca-faec-406a-87ff-ec2387051fd0,b2bbd9e8-30f5-41b0-9d91-25ee52edad43
179,2026-03-21T11:31:38.461188+00:00,BTC-USD,match,2026-03-21T11:31:38.409922+00:00,984890348,124587663762,70585.22,5.6e-05,sell,8402ec43-3295-4b6b-a5c1-c43bc3adb91e,fe8f21c3-8145-4170-8fa9-1111c8a06cb2
180,2026-03-21T11:31:38.629117+00:00,XRP-USD,match,2026-03-21T11:31:38.552303+00:00,222847882,19507580394,1.4398,17.188694,sell,cd833f87-5e28-4619-92e0-289f814f5d98,1ae0a3bc-922f-4b01-a3f0-e60dc8ae1dae
181,2026-03-21T11:31:39.027209+00:00,SOL-USD,match,2026-03-21T11:31:39.010708+00:00,328330227,28295272448,89.92,0.006,sell,415ab9d6-b36e-4f69-850f-f3a37c74dd32,17445a6e-722f-4f0e-bade-ba763a2e5bcc
182,2026-03-21T11:31:39.182026+00:00,BTC-USD,match,2026-03-21T11:31:39.147893+00:00,984890349,124587664022,70585.22,0.00140248,sell,8402ec43-3295-4b6b-a5c1-c43bc3adb91e,cd9dc12f-9806-4167-9219-97522b2d76af
183,2026-03-21T11:31:39.627452+00:00,XRP-USD,match,2026-03-21T11:31:39.550179+00:00,222847883,19507580502,1.4398,1e-05,sell,cd833f87-5e28-4619-92e0-289f814f5d98,c9a0fe4b-9619-40bd-bd2f-40c22b50b6a2
184,2026-03-21T11:31:39.830402+00:00,BTC-USD,match,2026-03-21T11:31:39.820669+00:00,984890350,124587664479,70585.29,2.2e-07,buy,f675ce46-d817-48e4-aa6b-ebe19109552c,752329e0-ae4b-4970-bd35-2547f01d409e
185,2026-03-21T11:31:41.643412+00:00,BTC-USD,match,2026-03-21T11:31:41.558942+00:00,984890351,124587664770,70585.29,2.2e-07,buy,f675ce46-d817-48e4-aa6b-ebe19109552c,000899b3-1c26-431f-9676-60d060a68c7d
186,2026-03-21T11:31:42.312306+00:00,BTC-USD,match,2026-03-21T11:31:42.30614+00:00,984890352,124587664928,70585.31,2.2e-07,buy,6612e6cc-75e8-418c-95e4-63751b946f55,73fb470c-da05-4b73-9751-71fb7d7aad7b
187,2026-03-21T11:31:42.67558+00:00,BTC-USD,match,2026-03-21T11:31:42.670159+00:00,984890353,124587665001,70585.32,4.4e-07,sell,e5e7d9a1-4db2-4b5f-8b36-f355139b57ae,3cfd99a2-efb8-4845-b25e-24d717120a2c
188,2026-03-21T11:31:43.371813+00:00,ETH-USD,match,2026-03-21T11:31:43.363556+00:00,787781230,95523808496,2154.42,0.00031098,buy,27e4e0ad-5f69-4f5d-bc16-4741a0474830,b3e345fc-9a8e-45f6-8813-16a184e59658
189,2026-03-21T11:31:43.371904+00:00,ETH-USD,match,2026-03-21T11:31:43.363556+00:00,787781231,95523808498,2154.42,0.00059515,buy,f7e0e9d2-4270-4a4c-bd36-ea369caad7a2,b3e345fc-9a8e-45f6-8813-16a184e59658
190,2026-03-21T11:31:43.371933+00:00,ETH-USD,match,2026-03-21T11:31:43.363556+00:00,787781232,95523808500,2154.41,5e-08,buy,e42e1fe2-d576-41f5-9f1c-045feab3b091,b3e345fc-9a8e-45f6-8813-16a184e59658
191,2026-03-21T11:31:43.37197+00:00,ETH-USD,match,2026-03-21T11:31:43.363556+00:00,787781233,95523808502,2154.4,5e-08,buy,d259858a-3ad9-4bab-ad49-e68db3bb1b8c,b3e345fc-9a8e-45f6-8813-16a184e59658
192,2026-03-21T11:31:43.371996+00:00,ETH-USD,match,2026-03-21T11:31:43.363556+00:00,787781234,95523808504,2154.36,5e-08,buy,8c19c6e0-b7c3-42f9-92aa-de1edf8061a4,b3e345fc-9a8e-45f6-8813-16a184e59658
193,2026-03-21T11:31:43.451065+00:00,XRP-USD,match,2026-03-21T11:31:43.446015+00:00,222847884,19507580740,1.4398,1e-05,sell,cd833f87-5e28-4619-92e0-289f814f5d98,e632394b-02ef-4923-970d-994b0b6207e9
194,2026-03-21T11:31:43.642665+00:00,SOL-USD,match,2026-03-21T11:31:43.520251+00:00,328330228,28295272832,89.91,0.013,buy,86e4ccd9-71e2-49a1-bf85-3889b2bc9685,78becdbf-ae0b-433c-a88f-d4559b0b7609
195,2026-03-21T11:31:43.796165+00:00,SOL-USD,match,2026-03-21T11:31:43.520251+00:00,328330229,28295272834,89.91,0.01112218,buy,71640a5e-5d3b-4715-b2b4-6ef58902fe2a,78becdbf-ae0b-433c-a88f-d4559b0b7609
196,2026-03-21T11:31:43.796374+00:00,SOL-USD,match,2026-03-21T11:31:43.520251+00:00,328330230,28295272836,89.91,0.57441554,buy,9aa10418-e3f8-4840-ab88-270611673cac,78becdbf-ae0b-433c-a88f-d4559b0b7609
197,2026-03-21T11:31:43.796413+00:00,SOL-USD,match,2026-03-21T11:31:43.520251+00:00,328330231,28295272838,89.91,12.8366713,buy,456f996c-614e-4e84-8516-79b43810c7a4,78becdbf-ae0b-433c-a88f-d4559b0b7609
198,2026-03-21T11:31:43.796445+00:00,SOL-USD,match,2026-03-21T11:31:43.520251+00:00,328330232,28295272840,89.91,0.00133466,buy,8966ded6-3f94-4d5b-9eae-11c4e0efebb6,78becdbf-ae0b-433c-a88f-d4559b0b7609
199,2026-03-21T11:31:43.796476+00:00,SOL-USD,match,2026-03-21T11:31:43.520251+00:00,328330233,28295272842,89.91,0.01001001,buy,27f90d7a-0982-4a3f-a3bd-d7ffbbe42df0,78becdbf-ae0b-433c-a88f-d4559b0b7609
200,2026-03-21T11:31:43.796505+00:00,BTC-USD,match,2026-03-21T11:31:43.520295+00:00,984890354,124587665629,70585.31,1.844e-05,buy,cc646e2f-335d-42d3-a53d-eb4bca84f75f,425e09ed-91cf-45c1-b6e1-a59dd73d1d3b
201,2026-03-21T11:31:43.796537+00:00,BTC-USD,match,2026-03-21T11:31:43.520295+00:00,984890355,124587665631,70585.31,0.04772819,buy,fcb752e7-53a2-4942-bbe0-2eed7fca6e99,425e09ed-91cf-45c1-b6e1-a59dd73d1d3b
202,2026-03-21T11:31:43.796565+00:00,BTC-USD,match,2026-03-21T11:31:43.520295+00:00,984890356,124587665633,70585.2,0.00023319,buy,1a72ca86-e029-452f-a13d-438258aec4f7,425e09ed-91cf-45c1-b6e1-a59dd73d1d3b
203,2026-03-21T11:31:43.796591+00:00,BTC-USD,match,2026-03-21T11:31:43.520295+00:00,984890357,124587665635,70585.2,0.00013997,buy,e02c0628-390b-462e-acad-50adbba7e06d,425e09ed-91cf-45c1-b6e1-a59dd73d1d3b
204,2026-03-21T11:31:43.796685+00:00,BTC-USD,match,2026-03-21T11:31:43.520295+00:00,984890358,124587665637,70585.2,1.6e-05,buy,204a9cda-7e3b-486d-9c47-f2866639fdc3,425e09ed-91cf-45c1-b6e1-a59dd73d1d3b
205,2026-03-21T11:31:43.796719+00:00,BTC-USD,match,2026-03-21T11:31:43.520295+00:00,984890359,124587665639,70585.0,0.06514675,buy,7fa301ef-b28c-4f9a-9dda-93374cfdd80f,425e09ed-91cf-45c1-b6e1-a59dd73d1d3b
206,2026-03-21T11:31:44.179682+00:00,BTC-USD,match,2026-03-21T11:31:44.175052+00:00,984890360,124587666443,70582.05,1.6e-05,buy,8da4a568-e108-451e-807b-a86b66c3e41a,37794648-5f58-4502-b3e9-eb187b4a2014
207,2026-03-21T11:31:44.179761+00:00,BTC-USD,match,2026-03-21T11:31:44.175052+00:00,984890361,124587666445,70581.57,0.0001846,buy,f17e3b89-aa8e-4f89-8950-000775d22d64,37794648-5f58-4502-b3e9-eb187b4a2014
208,2026-03-21T11:31:44.179795+00:00,BTC-USD,match,2026-03-21T11:31:44.175052+00:00,984890362,124587666447,70577.76,0.00034996,buy,4529654f-9dfb-49be-9f88-34b0e48b5c37,37794648-5f58-4502-b3e9-eb187b4a2014
209,2026-03-21T11:31:44.179823+00:00,BTC-USD,match,2026-03-21T11:31:44.175052+00:00,984890363,124587666449,70577.34,0.00073724,buy,c98fafb1-fdb9-4a5e-834e-6a1f39959374,37794648-5f58-4502-b3e9-eb187b4a2014
210,2026-03-21T11:31:44.520774+00:00,BTC-USD,match,2026-03-21T11:31:44.512242+00:00,984890364,124587666685,70577.35,0.009618,sell,2a278139-d047-4077-96d8-5263e21912ff,2ceed955-524e-4824-90d1-39d05257d872
211,2026-03-21T11:31:44.932538+00:00,ETH-USD,match,2026-03-21T11:31:44.919837+00:00,787781235,95523808932,2154.35,0.001,buy,00e97401-6b48-4deb-abb5-de7535dcf91b,aaf4823a-5082-4816-8477-4f2d26a358ea
212,2026-03-21T11:31:44.932615+00:00,ETH-USD,match,2026-03-21T11:31:44.919837+00:00,787781236,95523808934,2154.35,0.00048738,buy,6b830db4-3dea-4e30-a0d4-b8994201d238,aaf4823a-5082-4816-8477-4f2d26a358ea
213,2026-03-21T11:31:44.932645+00:00,ETH-USD,match,2026-03-21T11:31:44.919837+00:00,787781237,95523808936,2154.35,5e-08,buy,fee0762a-2ae3-4202-8490-871980a081c6,aaf4823a-5082-4816-8477-4f2d26a358ea
214,2026-03-21T11:31:44.93267+00:00,ETH-USD,match,2026-03-21T11:31:44.919837+00:00,787781238,95523808938,2154.33,5e-08,buy,894d5b20-9ce4-46fa-9be2-c744155fe2d8,aaf4823a-5082-4816-8477-4f2d26a358ea
215,2026-03-21T11:31:44.932695+00:00,ETH-USD,match,2026-03-21T11:31:44.919837+00:00,787781239,95523808940,2154.28,5e-08,buy,42c0be2f-7c64-4fbe-ad90-eb31d18c59d6,aaf4823a-5082-4816-8477-4f2d26a358ea
216,2026-03-21T11:31:44.943965+00:00,XRP-USD,match,2026-03-21T11:31:44.924194+00:00,222847885,19507580863,1.4397,0.8,buy,9d241f6b-8098-44e4-9f98-2a8563979b92,ba836af0-7067-46c9-b83a-fa06fd364ab6
217,2026-03-21T11:31:44.944044+00:00,XRP-USD,match,2026-03-21T11:31:44.924194+00:00,222847886,19507580865,1.4397,501.673133,buy,f33958fa-5e79-4123-9952-1b64b94040e2,ba836af0-7067-46c9-b83a-fa06fd364ab6
218,2026-03-21T11:31:44.944425+00:00,SOL-USD,match,2026-03-21T11:31:44.929453+00:00,328330234,28295273200,89.9,0.013,buy,a7da2a40-5083-4c44-94d1-c2c41429450c,0d5bf2d2-919b-4e06-9b20-ae6c5c88c13a
219,2026-03-21T11:31:44.944521+00:00,SOL-USD,match,2026-03-21T11:31:44.929453+00:00,328330235,28295273202,89.9,0.57441554,buy,e292041c-5749-4fe6-8fb3-dafabbb0b02a,0d5bf2d2-919b-4e06-9b20-ae6c5c88c13a
220,2026-03-21T11:31:44.944553+00:00,SOL-USD,match,2026-03-21T11:31:44.929453+00:00,328330236,28295273204,89.9,0.00945494,buy,28a83a11-b2db-480b-aef4-4431b6705e10,0d5bf2d2-919b-4e06-9b20-ae6c5c88c13a
221,2026-03-21T11:31:44.944621+00:00,SOL-USD,match,2026-03-21T11:31:44.929453+00:00,328330237,28295273206,89.9,11.21196752,buy,bdc50a81-6ad9-41f9-a425-a276d0b34c66,0d5bf2d2-919b-4e06-9b20-ae6c5c88c13a
222,2026-03-21T11:31:44.949473+00:00,SOL-USD,match,2026-03-21T11:31:44.933772+00:00,328330238,28295273228,89.9,0.57441554,buy,15ad826e-c35c-4770-a1c2-21b5f1cae388,f2d8b5ab-7ca1-4698-a1e3-74081cd8dd4b
223,2026-03-21T11:31:45.228637+00:00,BTC-USD,match,2026-03-21T11:31:45.114012+00:00,984890365,124587667195,70577.34,2.2e-07,buy,c98fafb1-fdb9-4a5e-834e-6a1f39959374,daad8561-48b1-4470-8cbf-740f54db45da
224,2026-03-21T11:31:45.483222+00:00,ETH-USD,match,2026-03-21T11:31:45.472823+00:00,787781240,95523809421,2154.24,0.001,buy,a71a198f-95a8-4bd5-be56-b14edad6e20e,d08fbc11-ca49-4531-8756-882051689d15
225,2026-03-21T11:31:45.483336+00:00,ETH-USD,match,2026-03-21T11:31:45.472823+00:00,787781241,95523809423,2154.14,5e-08,buy,ffb18329-79b6-47c5-8e95-1d85cbc77d01,d08fbc11-ca49-4531-8756-882051689d15
226,2026-03-21T11:31:45.483366+00:00,ETH-USD,match,2026-03-21T11:31:45.472823+00:00,787781242,95523809425,2154.13,0.001,buy,9fdaa63c-7d3b-470a-af65-5bb13247ed29,d08fbc11-ca49-4531-8756-882051689d15
227,2026-03-21T11:31:46.259159+00:00,BTC-USD,match,2026-03-21T11:31:46.180104+00:00,984890366,124587667571,70577.35,4.4e-07,sell,2a278139-d047-4077-96d8-5263e21912ff,e4c2540d-9563-4235-b054-7dbca030b60a
228,2026-03-21T11:31:46.644024+00:00,BTC-USD,match,2026-03-21T11:31:46.537614+00:00,984890367,124587667682,70577.35,5.477e-05,sell,2a278139-d047-4077-96d8-5263e21912ff,82e7f2b2-45ab-4b42-a3ef-dbf228005d81
229,2026-03-21T11:31:46.681138+00:00,XRP-USD,match,2026-03-21T11:31:46.674734+00:00,222847887,19507581212,1.4397,1e-05,sell,960314be-f86e-4188-8b72-8ed4055b31a6,9e1cc640-d8e9-442a-86b2-77d0b73e4229
230,2026-03-21T11:31:46.887917+00:00,ETH-USD,match,2026-03-21T11:31:46.882936+00:00,787781243,95523809889,2154.03,0.00055587,sell,83b5ae7a-1b0a-4cc8-b04d-3eb60ef31c5f,4192d54b-920a-4770-98d8-49bea33ae784
231,2026-03-21T11:31:48.052249+00:00,XRP-USD,match,2026-03-21T11:31:48.047782+00:00,222847888,19507581326,1.4397,127.456967,sell,960314be-f86e-4188-8b72-8ed4055b31a6,1296045e-2422-423d-b621-fba2174e83a2
232,2026-03-21T11:31:50.511044+00:00,ETH-USD,match,2026-03-21T11:31:50.497382+00:00,787781244,95523810225,2154.03,0.424673,sell,bc25227c-7ed3-49ce-9b0c-dce999b8f863,775c1ce6-70a0-4786-9910-1efdf21ac4a1
233,2026-03-21T11:31:50.801369+00:00,ETH-USD,match,2026-03-21T11:31:50.795609+00:00,787781245,95523810342,2154.03,0.00156161,sell,5e8ca6a6-7cc5-4449-9598-bfff53e13ec8,fa431f17-fa74-4ec4-b665-8aa99a6ff56c
234,2026-03-21T11:31:50.801534+00:00,ETH-USD,match,2026-03-21T11:31:50.795609+00:00,787781246,95523810344,2154.03,0.01287269,sell,7c416316-63ee-4d7f-9d62-9dc02f5118a2,fa431f17-fa74-4ec4-b665-8aa99a6ff56c
235,2026-03-21T11:31:50.80157+00:00,ETH-USD,match,2026-03-21T11:31:50.795609+00:00,787781247,95523810346,2154.03,0.00062042,sell,64e80463-35fc-4e8c-96e4-1eb105137790,fa431f17-fa74-4ec4-b665-8aa99a6ff56c
236,2026-03-21T11:31:50.801597+00:00,ETH-USD,match,2026-03-21T11:31:50.795609+00:00,787781248,95523810348,2154.03,0.00031021,sell,507ea524-4d20-45bd-b04d-ffd5e49a5c84,fa431f17-fa74-4ec4-b665-8aa99a6ff56c
237,2026-03-21T11:31:50.801623+00:00,ETH-USD,match,2026-03-21T11:31:50.795609+00:00,787781249,95523810350,2154.03,0.03468507,sell,908275eb-f8f8-4a24-bee4-a8c7b2db1a2c,fa431f17-fa74-4ec4-b665-8aa99a6ff56c
238,2026-03-21T11:31:51.032767+00:00,ETH-USD,match,2026-03-21T11:31:51.025714+00:00,787781250,95523810373,2154.03,0.00689277,sell,908275eb-f8f8-4a24-bee4-a8c7b2db1a2c,86717ca3-2fd1-4543-8f09-c80fca83f2de
239,2026-03-21T11:31:51.346932+00:00,ETH-USD,match,2026-03-21T11:31:51.329992+00:00,787781251,95523810390,2154.03,0.008205,sell,908275eb-f8f8-4a24-bee4-a8c7b2db1a2c,ee06172b-80ea-4a78-890e-fa765f169904
240,2026-03-21T11:31:51.94773+00:00,XRP-USD,match,2026-03-21T11:31:51.942295+00:00,222847889,19507581592,1.4396,0.8,buy,a9d6c89c-9adb-47c7-b485-04f7d37d023e,96cf3344-635c-427b-bf57-d39cd5322a2c
241,2026-03-21T11:31:51.94792+00:00,XRP-USD,match,2026-03-21T11:31:51.942295+00:00,222847890,19507581594,1.4396,33.906781,buy,ae908051-3927-45fe-b495-2d69c5de1ea9,96cf3344-635c-427b-bf57-d39cd5322a2c
242,2026-03-21T11:31:52.393411+00:00,SOL-USD,match,2026-03-21T11:31:52.389668+00:00,328330239,28295274276,89.89,0.013,buy,d67dcdce-05e1-46d2-9647-ddf5f40d394a,53ba6992-6590-4bbd-8c26-5bd335f52b9a
243,2026-03-21T11:31:52.393509+00:00,SOL-USD,match,2026-03-21T11:31:52.389668+00:00,328330240,28295274278,89.89,0.57441554,buy,6029eadd-42e2-4511-9ea5-c54c8901ed4e,53ba6992-6590-4bbd-8c26-5bd335f52b9a
244,2026-03-21T11:31:52.393542+00:00,SOL-USD,match,2026-03-21T11:31:52.389668+00:00,328330241,28295274280,89.89,9.39956437,buy,a9beec01-5941-4839-9394-46a4a5cdd6c6,53ba6992-6590-4bbd-8c26-5bd335f52b9a
245,2026-03-21T11:31:52.393566+00:00,SOL-USD,match,2026-03-21T11:31:52.389668+00:00,328330242,28295274282,89.89,0.01045722,buy,10cbda95-037e-417e-8943-064d23293131,53ba6992-6590-4bbd-8c26-5bd335f52b9a
246,2026-03-21T11:31:52.394362+00:00,XRP-USD,match,2026-03-21T11:31:52.391282+00:00,222847891,19507581632,1.4396,348.316349,buy,ae908051-3927-45fe-b495-2d69c5de1ea9,3474f528-8f6a-40f0-ae95-6b6c4c565a0d
247,2026-03-21T11:31:52.39944+00:00,XRP-USD,match,2026-03-21T11:31:52.394666+00:00,222847892,19507581638,1.4396,33.919768,buy,ae908051-3927-45fe-b495-2d69c5de1ea9,6c970542-8af2-4b00-98b8-720525651a69
248,2026-03-21T11:31:52.439062+00:00,BTC-USD,match,2026-03-21T11:31:52.434503+00:00,984890368,124587668673,70577.35,0.00016061,sell,9239343b-4f92-4249-9257-f5f406629585,fc5be031-bdf5-4a59-8158-19261677b406
249,2026-03-21T11:31:52.758195+00:00,XRP-USD,match,2026-03-21T11:31:52.752221+00:00,222847893,19507581779,1.4396,0.1,sell,6c970542-8af2-4b00-98b8-720525651a69,2db8a451-a0c5-4e99-a652-25856746fced
250,2026-03-21T11:31:54.043089+00:00,XRP-USD,match,2026-03-21T11:31:54.037576+00:00,222847894,19507581879,1.4396,1e-05,sell,6c970542-8af2-4b00-98b8-720525651a69,001e5b70-375f-46b5-90d6-c7dbf9676ffe
251,2026-03-21T11:31:54.107714+00:00,BTC-USD,match,2026-03-21T11:31:54.102831+00:00,984890369,124587669325,70577.35,0.00034423,sell,9239343b-4f92-4249-9257-f5f406629585,76aade3e-b399-4274-9a9b-726a6d518648
252,2026-03-21T11:31:54.854659+00:00,ETH-USD,match,2026-03-21T11:31:54.84873+00:00,787781252,95523810647,2154.02,0.001,buy,27d5a34e-822e-48ed-8ab9-d749e242a008,3ab21285-b984-4234-9517-12668b33cc46
253,2026-03-21T11:31:54.854751+00:00,ETH-USD,match,2026-03-21T11:31:54.84873+00:00,787781253,95523810649,2154.02,0.01879568,buy,6765decd-d2a9-4f02-8396-fd4f06e65581,3ab21285-b984-4234-9517-12668b33cc46
254,2026-03-21T11:31:57.772607+00:00,XRP-USD,match,2026-03-21T11:31:57.767216+00:00,222847895,19507581999,1.4395,0.8,buy,9509aad9-10f3-47e0-901c-7c39b8e04480,4b468969-260b-4037-bf47-a515c8728c75
255,2026-03-21T11:31:57.911373+00:00,XRP-USD,match,2026-03-21T11:31:57.767216+00:00,222847896,19507582001,1.4395,351.178868,buy,834704ab-d43a-41d7-846c-c6854b17d790,4b468969-260b-4037-bf47-a515c8728c75
256,2026-03-21T11:31:57.91149+00:00,XRP-USD,match,2026-03-21T11:31:57.767216+00:00,222847897,19507582003,1.4394,0.8,buy,466b7e2d-00a0-419e-877e-c73decf2c2f0,4b468969-260b-4037-bf47-a515c8728c75
257,2026-03-21T11:31:57.911539+00:00,XRP-USD,match,2026-03-21T11:31:57.767216+00:00,222847898,19507582005,1.4393,0.8,buy,41e1ac64-29db-4319-b96e-2090244b3856,4b468969-260b-4037-bf47-a515c8728c75
258,2026-03-21T11:31:57.911603+00:00,XRP-USD,match,2026-03-21T11:31:57.767216+00:00,222847899,19507582007,1.4393,698.966688,buy,a2e54d58-f7d1-48c3-9993-9d450e1a60ac,4b468969-260b-4037-bf47-a515c8728c75
259,2026-03-21T11:31:57.974159+00:00,BTC-USD,match,2026-03-21T11:31:57.969154+00:00,984890370,124587670327,70577.35,0.00016159,sell,9239343b-4f92-4249-9257-f5f406629585,5f62248f-2e46-4df2-a7a7-de8c330409c3
260,2026-03-21T11:31:58.22142+00:00,ETH-USD,match,2026-03-21T11:31:58.155663+00:00,787781254,95523810911,2154.03,0.01026485,sell,908275eb-f8f8-4a24-bee4-a8c7b2db1a2c,a5deda13-9c55-472e-b945-d6f8bfee716e
261,2026-03-21T11:31:58.674339+00:00,XRP-USD,match,2026-03-21T11:31:58.65871+00:00,222847900,19507582154,1.4395,1e-05,sell,e0ee1ae9-e67a-4956-9e4f-f2cffe8b5064,c53ff452-cf0b-46e8-8402-95d4c4e26b05
262,2026-03-21T11:31:58.823329+00:00,BTC-USD,match,2026-03-21T11:31:58.814928+00:00,984890371,124587670547,70577.35,0.00021457,sell,9239343b-4f92-4249-9257-f5f406629585,05c414fb-a664-454e-bfae-301f6a0a4ef3
263,2026-03-21T11:32:00.647121+00:00,SOL-USD,match,2026-03-21T11:32:00.586174+00:00,328330243,28295275285,89.88,0.013,buy,ec8dea71-3ca9-4350-bf77-b683a02fee46,35e6b4a1-49a1-4dd6-ace3-ced204d54a7d
264,2026-03-21T11:32:00.647202+00:00,SOL-USD,match,2026-03-21T11:32:00.586174+00:00,328330244,28295275287,89.88,0.57441554,buy,5bd21738-3a16-439a-820f-66360a56774c,35e6b4a1-49a1-4dd6-ace3-ced204d54a7d
265,2026-03-21T11:32:00.647233+00:00,SOL-USD,match,2026-03-21T11:32:00.586174+00:00,328330245,28295275289,89.88,7.85684622,buy,1f6f9425-4059-4106-9c9c-1f1a08f8eb1a,35e6b4a1-49a1-4dd6-ace3-ced204d54a7d
266,2026-03-21T11:32:00.64726+00:00,SOL-USD,match,2026-03-21T11:32:00.586174+00:00,328330246,28295275291,89.88,0.01001335,buy,7f4217bf-35ef-4945-beb2-0f39b7b2707d,35e6b4a1-49a1-4dd6-ace3-ced204d54a7d
267,2026-03-21T11:32:00.647288+00:00,SOL-USD,match,2026-03-21T11:32:00.590294+00:00,328330247,28295275304,89.88,0.57441554,buy,6aa0132e-861a-42d3-bc54-34f4a961d7a8,2a15c849-adcb-4f6f-855b-2967b69e9f21
268,2026-03-21T11:32:00.672009+00:00,XRP-USD,match,2026-03-21T11:32:00.66796+00:00,222847901,19507582335,1.4394,280.653005,buy,430f4850-86e4-4407-b725-97a5618090a5,7de62aad-f2d2-4097-9e5f-3c9ad3365123
269,2026-03-21T11:32:01.289939+00:00,BTC-USD,match,2026-03-21T11:32:01.257597+00:00,984890372,124587671166,70577.34,5.69e-05,buy,c98fafb1-fdb9-4a5e-834e-6a1f39959374,2a53f9a6-687f-480b-b146-c7c8c3ce5a8e
270,2026-03-21T11:32:01.290021+00:00,ETH-USD,match,2026-03-21T11:32:01.259285+00:00,787781255,95523811152,2154.03,0.00055597,sell,908275eb-f8f8-4a24-bee4-a8c7b2db1a2c,87688271-d5f7-4d42-b389-0208a3dd8277
271,2026-03-21T11:32:01.462127+00:00,XRP-USD,match,2026-03-21T11:32:01.290974+00:00,222847902,19507582365,1.4395,1e-05,sell,e0ee1ae9-e67a-4956-9e4f-f2cffe8b5064,9b41e9eb-2c70-4367-ac44-f385aed30574
272,2026-03-21T11:32:01.525148+00:00,BTC-USD,match,2026-03-21T11:32:01.519659+00:00,984890373,124587671359,70577.34,1.131e-05,buy,c98fafb1-fdb9-4a5e-834e-6a1f39959374,846e6905-36e7-4998-b291-ee49891d87c5
273,2026-03-21T11:32:01.668548+00:00,SOL-USD,match,2026-03-21T11:32:01.657458+00:00,328330248,28295275963,89.87,0.013,buy,44006cb4-a4bd-478e-ad68-245861032c0d,ade550f9-d6d2-4a49-a799-88365fec0288
274,2026-03-21T11:32:01.669222+00:00,SOL-USD,match,2026-03-21T11:32:01.657458+00:00,328330249,28295275965,89.87,0.57441554,buy,570517a6-d1e1-48d6-98e1-3870e9a74112,ade550f9-d6d2-4a49-a799-88365fec0288
275,2026-03-21T11:32:01.669268+00:00,SOL-USD,match,2026-03-21T11:32:01.657458+00:00,328330250,28295275967,89.87,6.77896717,buy,c9465c9c-898b-47be-87de-d997695b2009,ade550f9-d6d2-4a49-a799-88365fec0288
276,2026-03-21T11:32:01.670842+00:00,SOL-USD,match,2026-03-21T11:32:01.657458+00:00,328330251,28295275969,89.87,0.01001446,buy,6e1cefdb-f0ad-4222-a3e7-60e6e10c3e9a,ade550f9-d6d2-4a49-a799-88365fec0288
277,2026-03-21T11:32:01.670949+00:00,SOL-USD,match,2026-03-21T11:32:01.657458+00:00,328330252,28295275971,89.87,11.53774404,buy,150b1449-bb37-4bc2-b351-6472eafb1046,ade550f9-d6d2-4a49-a799-88365fec0288
278,2026-03-21T11:32:01.670977+00:00,SOL-USD,match,2026-03-21T11:32:01.659691+00:00,328330253,28295275975,89.87,1.21545917,buy,150b1449-bb37-4bc2-b351-6472eafb1046,7dcafa44-c5ee-4938-b940-10968fea56a0
279,2026-03-21T11:32:02.152424+00:00,XRP-USD,match,2026-03-21T11:32:02.145772+00:00,222847903,19507582432,1.4395,11.002292,sell,e0ee1ae9-e67a-4956-9e4f-f2cffe8b5064,fc1fd71e-3684-499b-be35-8ed54c0697f9
280,2026-03-21T11:32:02.684919+00:00,BTC-USD,match,2026-03-21T11:32:02.579597+00:00,984890374,124587672058,70577.34,0.00619374,buy,c98fafb1-fdb9-4a5e-834e-6a1f39959374,80475c41-f3b2-49d6-8dad-44484fb33ce6
281,2026-03-21T11:32:02.685016+00:00,BTC-USD,match,2026-03-21T11:32:02.579597+00:00,984890375,124587672060,70577.34,0.0081168,buy,5eb7ee0f-ff9f-4e4f-b510-af7db3335e8d,80475c41-f3b2-49d6-8dad-44484fb33ce6
282,2026-03-21T11:32:02.685044+00:00,ETH-USD,match,2026-03-21T11:32:02.581453+00:00,787781256,95523811254,2154.03,0.09022938,sell,908275eb-f8f8-4a24-bee4-a8c7b2db1a2c,8d894e40-ba9a-4abe-b8b7-cc30fc01986a
283,2026-03-21T11:32:02.835259+00:00,BTC-USD,match,2026-03-21T11:32:02.828522+00:00,984890376,124587672164,70577.35,0.00076406,sell,9239343b-4f92-4249-9257-f5f406629585,88f76d04-747c-44a8-b1ea-e8d0e0c7943c
284,2026-03-21T11:32:02.895905+00:00,BTC-USD,match,2026-03-21T11:32:02.891647+00:00,984890377,124587672223,70577.35,0.00087,sell,9239343b-4f92-4249-9257-f5f406629585,3ffb1d4d-fc2d-4aae-a68a-b3c6e9a8e2cb
285,2026-03-21T11:32:04.358391+00:00,XRP-USD,match,2026-03-21T11:32:04.235928+00:00,222847904,19507582542,1.4395,22.0,sell,e0ee1ae9-e67a-4956-9e4f-f2cffe8b5064,222a9d2c-3cf6-4385-acee-02efc6aa5c18
286,2026-03-21T11:32:05.697474+00:00,BTC-USD,match,2026-03-21T11:32:05.603377+00:00,984890378,124587672926,70577.34,0.00032024,buy,5eb7ee0f-ff9f-4e4f-b510-af7db3335e8d,5ea2cd69-abd0-4672-86f5-96d2476afe51
287,2026-03-21T11:32:05.906284+00:00,SOL-USD,match,2026-03-21T11:32:05.901175+00:00,328330254,28295276500,89.86,0.013,buy,37dc0ca0-30c5-45af-ac88-3e01db45d3e5,1dc0d155-23c5-46d2-9f2e-a0d8f2906e6f
288,2026-03-21T11:32:05.906365+00:00,SOL-USD,match,2026-03-21T11:32:05.901175+00:00,328330255,28295276502,89.86,0.09938456,buy,2a49d0d5-ba63-45ce-9488-c8cd233ee406,1dc0d155-23c5-46d2-9f2e-a0d8f2906e6f
289,2026-03-21T11:32:06.253913+00:00,SOL-USD,match,2026-03-21T11:32:06.207896+00:00,328330256,28295276514,89.87,0.57441554,sell,6e646584-c46b-4ab6-8f6b-4e977f666b55,e3c165b3-f433-400a-8c34-c8ecd32b7364
290,2026-03-21T11:32:06.253979+00:00,SOL-USD,match,2026-03-21T11:32:06.207896+00:00,328330257,28295276516,89.87,0.50666578,sell,9b584f5b-c80d-43cc-aeed-62c0da8c1545,e3c165b3-f433-400a-8c34-c8ecd32b7364
291,2026-03-21T11:32:06.878602+00:00,BTC-USD,match,2026-03-21T11:32:06.868774+00:00,984890379,124587673242,70577.35,0.00042081,sell,9239343b-4f92-4249-9257-f5f406629585,9a84971d-51d2-4cc0-aadb-71b62d03f37d
292,2026-03-21T11:32:06.893268+00:00,BTC-USD,match,2026-03-21T11:32:06.880606+00:00,984890380,124587673250,70577.35,0.00018916,sell,9239343b-4f92-4249-9257-f5f406629585,86c935a4-ff39-44c6-9210-6315dc5ef914
293,2026-03-21T11:32:07.133285+00:00,ETH-USD,match,2026-03-21T11:32:07.122225+00:00,787781257,95523811601,2154.03,0.01838415,sell,0ee1e549-95ee-4e28-8366-38e90fc628a3,78af7606-2961-4d09-a14a-946d260201fb
294,2026-03-21T11:32:07.241282+00:00,ETH-USD,match,2026-03-21T11:32:07.234253+00:00,787781258,95523811610,2154.03,0.00055597,sell,0ee1e549-95ee-4e28-8366-38e90fc628a3,9dc3250a-e15a-4749-b91d-147329aa4660
295,2026-03-21T11:32:07.430439+00:00,SOL-USD,match,2026-03-21T11:32:07.425942+00:00,328330258,28295276652,89.87,2.22506536,sell,9b584f5b-c80d-43cc-aeed-62c0da8c1545,344ed713-28b5-4bdd-a4c8-95625d0f9549
296,2026-03-21T11:32:07.8232+00:00,BTC-USD,match,2026-03-21T11:32:07.816905+00:00,984890381,124587673470,70577.35,0.00130008,sell,9239343b-4f92-4249-9257-f5f406629585,518be5fd-da99-4f5b-afc0-b3deeb2d273e
297,2026-03-21T11:32:07.953467+00:00,XRP-USD,match,2026-03-21T11:32:07.935499+00:00,222847905,19507582700,1.4395,1e-05,sell,e0ee1ae9-e67a-4956-9e4f-f2cffe8b5064,6dddea23-83fc-48bc-8540-2e1414f70383
298,2026-03-21T11:32:08.89384+00:00,SOL-USD,match,2026-03-21T11:32:08.887037+00:00,328330259,28295276759,89.86,0.09578374,buy,2a49d0d5-ba63-45ce-9488-c8cd233ee406,380c3a45-a9cf-4489-b248-2f6f920b72a9
299,2026-03-21T11:32:09.020016+00:00,BTC-USD,match,2026-03-21T11:32:09.013528+00:00,984890382,124587673731,70577.35,0.00060352,sell,9239343b-4f92-4249-9257-f5f406629585,d500bd04-8ca0-4446-a953-c556c44ebf1b
300,2026-03-21T11:32:09.020102+00:00,BTC-USD,match,2026-03-21T11:32:09.013528+00:00,984890383,124587673733,70577.35,0.00136155,sell,bfcb7196-12a5-4c20-bab1-52f41303f4b6,d500bd04-8ca0-4446-a953-c556c44ebf1b
301,2026-03-21T11:32:09.584256+00:00,SOL-USD,match,2026-03-21T11:32:09.576358+00:00,328330260,28295276824,89.87,1.16096695,sell,9b584f5b-c80d-43cc-aeed-62c0da8c1545,aa129c27-7956-4ccc-b6b5-eb6c0707c6f7
302,2026-03-21T11:32:11.713457+00:00,BTC-USD,match,2026-03-21T11:32:11.703224+00:00,984890384,124587674325,70577.34,0.04504999,buy,5eb7ee0f-ff9f-4e4f-b510-af7db3335e8d,160f7de4-e15a-48fe-b8c6-111a8dee6168
303,2026-03-21T11:32:11.71354+00:00,BTC-USD,match,2026-03-21T11:32:11.703224+00:00,984890385,124587674327,70577.34,0.00023321,buy,ee7417dd-a4d3-4007-82a4-e188cae30108,160f7de4-e15a-48fe-b8c6-111a8dee6168
304,2026-03-21T11:32:11.713586+00:00,BTC-USD,match,2026-03-21T11:32:11.703224+00:00,984890386,124587674329,70577.34,0.00017852,buy,c57c19fe-7fc5-4db1-98bc-2dd5ccc7a957,160f7de4-e15a-48fe-b8c6-111a8dee6168
305,2026-03-21T11:32:11.713618+00:00,BTC-USD,match,2026-03-21T11:32:11.703224+00:00,984890387,124587674331,70577.34,0.00502863,buy,0ee02eb2-b11d-4fb4-b87b-c24432a28f3a,160f7de4-e15a-48fe-b8c6-111a8dee6168
306,2026-03-21T11:32:11.713644+00:00,BTC-USD,match,2026-03-21T11:32:11.703224+00:00,984890388,124587674333,70577.34,1.831e-05,buy,b5cdb5a9-a306-473c-8c65-d8a6cd339572,160f7de4-e15a-48fe-b8c6-111a8dee6168
307,2026-03-21T11:32:11.713668+00:00,BTC-USD,match,2026-03-21T11:32:11.703224+00:00,984890389,124587674335,70577.34,8.5e-06,buy,57b9bfdb-c8ef-4e14-bc16-bae81c027a3e,160f7de4-e15a-48fe-b8c6-111a8dee6168
308,2026-03-21T11:32:11.713692+00:00,BTC-USD,match,2026-03-21T11:32:11.703224+00:00,984890390,124587674337,70577.34,0.00018419,buy,a17936bc-ec55-4a36-9161-419553f9cd34,160f7de4-e15a-48fe-b8c6-111a8dee6168
309,2026-03-21T11:32:11.713714+00:00,BTC-USD,match,2026-03-21T11:32:11.703224+00:00,984890391,124587674339,70577.34,4.224e-05,buy,a9a23408-2e23-42f7-ade1-84a3ac31e10a,160f7de4-e15a-48fe-b8c6-111a8dee6168
310,2026-03-21T11:32:11.713737+00:00,BTC-USD,match,2026-03-21T11:32:11.703224+00:00,984890392,124587674341,70575.75,1.6e-05,buy,d29a9268-4dbd-40f5-8f9b-d416c0791f0c,160f7de4-e15a-48fe-b8c6-111a8dee6168
311,2026-03-21T11:32:11.7151+00:00,BTC-USD,match,2026-03-21T11:32:11.703224+00:00,984890393,124587674343,70575.57,0.00014168,buy,236b79ba-6610-4279-9136-6a7a5f31aa98,160f7de4-e15a-48fe-b8c6-111a8dee6168
312,2026-03-21T11:32:11.715156+00:00,BTC-USD,match,2026-03-21T11:32:11.703224+00:00,984890394,124587674345,70574.87,0.00014168,buy,c459eeb1-9b5b-4aa3-abec-d2b8a0b44ea5,160f7de4-e15a-48fe-b8c6-111a8dee6168
313,2026-03-21T11:32:11.715186+00:00,BTC-USD,match,2026-03-21T11:32:11.703224+00:00,984890395,124587674347,70572.6,1.6e-05,buy,c5169fd1-f810-41a8-9e69-2ffad70edc19,160f7de4-e15a-48fe-b8c6-111a8dee6168
314,2026-03-21T11:32:11.715212+00:00,BTC-USD,match,2026-03-21T11:32:11.703224+00:00,984890396,124587674349,70572.47,2.125e-05,buy,0df9ea87-5cae-46eb-858e-e84e384a2083,160f7de4-e15a-48fe-b8c6-111a8dee6168
315,2026-03-21T11:32:11.715237+00:00,BTC-USD,match,2026-03-21T11:32:11.703224+00:00,984890397,124587674351,70571.72,0.02,buy,b43686ef-8a97-4bf2-ae90-20e30113d26e,160f7de4-e15a-48fe-b8c6-111a8dee6168
316,2026-03-21T11:32:11.715263+00:00,BTC-USD,match,2026-03-21T11:32:11.703224+00:00,984890398,124587674353,70571.71,0.00326209,buy,f7cc64a3-b8be-4a9b-ad57-9c952681957e,160f7de4-e15a-48fe-b8c6-111a8dee6168
317,2026-03-21T11:32:11.722806+00:00,BTC-USD,match,2026-03-21T11:32:11.718685+00:00,984890399,124587674474,70574.88,0.00020157,sell,320980b7-be3e-4436-a3ef-29aa8afc7511,e2499861-0a9f-4af3-b9d1-a1061e4372b6
318,2026-03-21T11:32:12.539292+00:00,XRP-USD,match,2026-03-21T11:32:12.525279+00:00,222847906,19507582938,1.4395,1e-05,sell,e0ee1ae9-e67a-4956-9e4f-f2cffe8b5064,b163f6a1-deeb-4ef0-a229-5fa303eca632
319,2026-03-21T11:32:12.747894+00:00,SOL-USD,match,2026-03-21T11:32:12.743095+00:00,328330261,28295277017,89.87,0.22029373,sell,9b584f5b-c80d-43cc-aeed-62c0da8c1545,a59b1e05-e5b3-4a0c-bbbd-362eb9bc1fd2
320,2026-03-21T11:32:13.292952+00:00,ETH-USD,match,2026-03-21T11:32:13.286474+00:00,787781259,95523811931,2154.03,0.00055597,sell,0ee1e549-95ee-4e28-8366-38e90fc628a3,c35dc71f-11c5-479b-b615-88f6dfb6a7b4
321,2026-03-21T11:32:14.63155+00:00,ETH-USD,match,2026-03-21T11:32:14.623934+00:00,787781260,95523811994,2154.03,0.045225,sell,0ee1e549-95ee-4e28-8366-38e90fc628a3,d3c494cb-12d4-4ef9-a91e-a16a5be102fa
322,2026-03-21T11:32:15.667513+00:00,ETH-USD,match,2026-03-21T11:32:15.66081+00:00,787781261,95523812022,2154.03,0.02255735,sell,0ee1e549-95ee-4e28-8366-38e90fc628a3,c158c7d2-adf1-4d14-aaae-66084bd56c68
323,2026-03-21T11:32:15.808783+00:00,XRP-USD,match,2026-03-21T11:32:15.753613+00:00,222847907,19507583039,1.4395,1e-05,sell,e0ee1ae9-e67a-4956-9e4f-f2cffe8b5064,52a83523-bffc-4664-b437-6c2c95e0cd0a
324,2026-03-21T11:32:15.960943+00:00,BTC-USD,match,2026-03-21T11:32:15.954647+00:00,984890400,124587675584,70574.87,0.00035776,buy,dcd9606b-bbce-4db7-aec5-1fdedb805cad,7bdd64ca-e1ea-48f6-b048-4b3160729ef4
325,2026-03-21T11:32:17.260443+00:00,BTC-USD,match,2026-03-21T11:32:17.255591+00:00,984890401,124587675901,70574.87,2.2e-07,buy,dcd9606b-bbce-4db7-aec5-1fdedb805cad,a0b58f34-d33d-4fda-a707-2b8d044108e0
326,2026-03-21T11:32:17.818255+00:00,BTC-USD,match,2026-03-21T11:32:17.813504+00:00,984890402,124587676007,70574.88,1.906e-05,sell,2e39a682-dfe4-4003-b4e1-9d2960d6d8c2,bd179743-68ec-4778-95f3-651c3b0dea33
327,2026-03-21T11:32:17.818368+00:00,BTC-USD,match,2026-03-21T11:32:17.813504+00:00,984890403,124587676009,70574.88,0.00032518,sell,86da4d36-1f01-4687-a35b-73646ff9b52e,bd179743-68ec-4778-95f3-651c3b0dea33
328,2026-03-21T11:32:17.962342+00:00,XRP-USD,match,2026-03-21T11:32:17.927732+00:00,222847908,19507583189,1.4395,25.0,sell,e0ee1ae9-e67a-4956-9e4f-f2cffe8b5064,84effe22-7735-421d-ad8e-caaf6f0b7db6
329,2026-03-21T11:32:18.156221+00:00,SOL-USD,match,2026-03-21T11:32:18.150942+00:00,328330262,28295277423,89.87,0.08276943,sell,15963f9a-81fd-4488-a199-bee1c405ff51,41a34b9f-3c11-4c3f-876d-5b1c52782f79
330,2026-03-21T11:32:18.595839+00:00,ETH-USD,match,2026-03-21T11:32:18.584544+00:00,787781262,95523812182,2154.03,0.00902202,sell,0ee1e549-95ee-4e28-8366-38e90fc628a3,e5b7c17f-7186-4a2c-9ec2-43f726eecf46
331,2026-03-21T11:32:18.704654+00:00,XRP-USD,match,2026-03-21T11:32:18.69868+00:00,222847909,19507583257,1.4394,33.382634,buy,430f4850-86e4-4407-b725-97a5618090a5,c8db6fe3-fb41-4404-a321-f27db62cc587
332,2026-03-21T11:32:18.943632+00:00,BTC-USD,match,2026-03-21T11:32:18.926312+00:00,984890404,124587676119,70574.87,0.00467065,buy,dcd9606b-bbce-4db7-aec5-1fdedb805cad,eb9fd0d1-3fc3-4258-b679-1c06cea1cca9
333,2026-03-21T11:32:18.943775+00:00,BTC-USD,match,2026-03-21T11:32:18.926312+00:00,984890405,124587676121,70574.87,9.687e-05,buy,1b5f6ee7-df21-4042-b199-c2025baca912,eb9fd0d1-3fc3-4258-b679-1c06cea1cca9
334,2026-03-21T11:32:18.943806+00:00,BTC-USD,match,2026-03-21T11:32:18.926312+00:00,984890406,124587676123,70574.87,0.00167082,buy,02ced280-4259-4a1a-b014-74b49c8254c9,eb9fd0d1-3fc3-4258-b679-1c06cea1cca9
335,2026-03-21T11:32:18.943834+00:00,BTC-USD,match,2026-03-21T11:32:18.926312+00:00,984890407,124587676125,70574.87,0.00035423,buy,8c7016fb-a786-4b42-b843-9ff60f3620ae,eb9fd0d1-3fc3-4258-b679-1c06cea1cca9
336,2026-03-21T11:32:18.943857+00:00,BTC-USD,match,2026-03-21T11:32:18.926312+00:00,984890408,124587676127,70574.87,0.00025689,buy,73795440-ad2a-4b1a-99af-0bb71f2835c4,eb9fd0d1-3fc3-4258-b679-1c06cea1cca9
337,2026-03-21T11:32:18.94388+00:00,BTC-USD,match,2026-03-21T11:32:18.926312+00:00,984890409,124587676129,70574.87,0.04359189,buy,861dc6e0-23b1-4fef-a142-b8c7f4d6080a,eb9fd0d1-3fc3-4258-b679-1c06cea1cca9
338,2026-03-21T11:32:18.943907+00:00,BTC-USD,match,2026-03-21T11:32:18.928116+00:00,984890410,124587676140,70574.87,0.01189251,buy,861dc6e0-23b1-4fef-a142-b8c7f4d6080a,62474995-b583-4ba8-8dc5-96467ffc9164
339,2026-03-21T11:32:18.943934+00:00,BTC-USD,match,2026-03-21T11:32:18.928116+00:00,984890411,124587676142,70574.87,0.00015005,buy,561e4875-f1ee-44ef-9e31-c99046a3d17f,62474995-b583-4ba8-8dc5-96467ffc9164
340,2026-03-21T11:32:18.943959+00:00,BTC-USD,match,2026-03-21T11:32:18.928116+00:00,984890412,124587676144,70574.87,0.00015019,buy,0d462faa-f60d-46bf-bcd9-12143aba56f7,62474995-b583-4ba8-8dc5-96467ffc9164
341,2026-03-21T11:32:18.943987+00:00,BTC-USD,match,2026-03-21T11:32:18.928116+00:00,984890413,124587676146,70573.1,0.00014169,buy,0aadda6d-4c28-4c6c-98b1-b5a4f364e850,62474995-b583-4ba8-8dc5-96467ffc9164
342,2026-03-21T11:32:18.944011+00:00,BTC-USD,match,2026-03-21T11:32:18.928116+00:00,984890414,124587676148,70573.1,0.05049966,buy,0d22e6af-30f7-4b94-adea-3abc941748c7,62474995-b583-4ba8-8dc5-96467ffc9164
343,2026-03-21T11:32:18.944034+00:00,BTC-USD,match,2026-03-21T11:32:18.928116+00:00,984890415,124587676150,70572.4,0.00014169,buy,d574c09e-d257-4b35-850c-d7491e1885b4,62474995-b583-4ba8-8dc5-96467ffc9164
344,2026-03-21T11:32:18.944109+00:00,BTC-USD,match,2026-03-21T11:32:18.928116+00:00,984890416,124587676152,70571.71,0.00376791,buy,f7cc64a3-b8be-4a9b-ad57-9c952681957e,62474995-b583-4ba8-8dc5-96467ffc9164
345,2026-03-21T11:32:18.9496+00:00,BTC-USD,match,2026-03-21T11:32:18.929334+00:00,984890417,124587676171,70571.58,0.02644234,buy,f0654bc4-d60f-483d-820c-71b42c852fc1,4fbd034f-685d-456e-be3e-d211b0a80ff6
346,2026-03-21T11:32:18.949899+00:00,ETH-USD,match,2026-03-21T11:32:18.929894+00:00,787781263,95523812215,2154.02,0.0747416,buy,6765decd-d2a9-4f02-8396-fd4f06e65581,8ff5437e-997c-4ed5-8a7d-d6cbecfc8ccf
347,2026-03-21T11:32:18.949933+00:00,ETH-USD,match,2026-03-21T11:32:18.929894+00:00,787781264,95523812217,2154.02,0.03499778,buy,8adeddfb-cad1-48cb-a312-8944d52344ac,8ff5437e-997c-4ed5-8a7d-d6cbecfc8ccf
348,2026-03-21T11:32:18.949961+00:00,ETH-USD,match,2026-03-21T11:32:18.929894+00:00,787781265,95523812219,2154.02,0.03499778,buy,83b43631-e8bd-4d14-a3d3-0bcd6a1f4bdc,8ff5437e-997c-4ed5-8a7d-d6cbecfc8ccf
349,2026-03-21T11:32:18.949987+00:00,ETH-USD,match,2026-03-21T11:32:18.929894+00:00,787781266,95523812221,2154.02,0.03499756,buy,a9069f65-25d7-4e82-b773-a950d99b44a6,8ff5437e-997c-4ed5-8a7d-d6cbecfc8ccf
350,2026-03-21T11:32:18.950021+00:00,ETH-USD,match,2026-03-21T11:32:18.929894+00:00,787781267,95523812223,2154.02,5e-08,buy,213811a0-abbe-4951-975a-922c12160948,8ff5437e-997c-4ed5-8a7d-d6cbecfc8ccf
351,2026-03-21T11:32:18.950045+00:00,ETH-USD,match,2026-03-21T11:32:18.929894+00:00,787781268,95523812225,2154.02,0.03499756,buy,4f44feeb-f3d0-46be-af9b-062542dd871a,8ff5437e-997c-4ed5-8a7d-d6cbecfc8ccf
352,2026-03-21T11:32:18.950071+00:00,ETH-USD,match,2026-03-21T11:32:18.929894+00:00,787781269,95523812227,2154.02,0.03499755,buy,355feefa-c18b-448c-bf23-6f60794a35e0,8ff5437e-997c-4ed5-8a7d-d6cbecfc8ccf
353,2026-03-21T11:32:18.950094+00:00,ETH-USD,match,2026-03-21T11:32:18.929894+00:00,787781270,95523812229,2154.02,0.00045496,buy,a986a32e-2e5f-4f8a-9269-763d5389c3af,8ff5437e-997c-4ed5-8a7d-d6cbecfc8ccf
354,2026-03-21T11:32:18.950116+00:00,ETH-USD,match,2026-03-21T11:32:18.929894+00:00,787781271,95523812231,2154.02,0.03499755,buy,d6df72a2-2a96-4feb-b018-7f83557460f2,8ff5437e-997c-4ed5-8a7d-d6cbecfc8ccf
355,2026-03-21T11:32:18.950138+00:00,ETH-USD,match,2026-03-21T11:32:18.929894+00:00,787781272,95523812233,2154.02,0.03499755,buy,5d1617a2-d195-4fdb-85d8-1b8753853608,8ff5437e-997c-4ed5-8a7d-d6cbecfc8ccf
356,2026-03-21T11:32:18.950162+00:00,ETH-USD,match,2026-03-21T11:32:18.929894+00:00,787781273,95523812235,2154.02,0.03499755,buy,284b7115-3654-490e-9806-14a0eaaddb45,8ff5437e-997c-4ed5-8a7d-d6cbecfc8ccf
357,2026-03-21T11:32:18.956632+00:00,ETH-USD,match,2026-03-21T11:32:18.929894+00:00,787781274,95523812237,2154.02,0.020821,buy,400a424d-64ae-4251-9c63-f25acdcef1e5,8ff5437e-997c-4ed5-8a7d-d6cbecfc8ccf
358,2026-03-21T11:32:18.956848+00:00,ETH-USD,match,2026-03-21T11:32:18.929894+00:00,787781275,95523812239,2154.02,0.02997124,buy,017973ff-fb32-48e5-8387-b3ff3e684dd3,8ff5437e-997c-4ed5-8a7d-d6cbecfc8ccf
359,2026-03-21T11:32:18.956926+00:00,ETH-USD,match,2026-03-21T11:32:18.929894+00:00,787781276,95523812241,2154.02,0.00059508,buy,bac9df39-de6d-4ad7-9ba4-a171ebaeb295,8ff5437e-997c-4ed5-8a7d-d6cbecfc8ccf
360,2026-03-21T11:32:18.956963+00:00,ETH-USD,match,2026-03-21T11:32:18.929894+00:00,787781277,95523812243,2154.0,0.25,buy,ab1914e3-0527-49bf-a2fc-3a40b48902c7,8ff5437e-997c-4ed5-8a7d-d6cbecfc8ccf
361,2026-03-21T11:32:18.957039+00:00,ETH-USD,match,2026-03-21T11:32:18.929894+00:00,787781278,95523812245,2154.0,5e-08,buy,fc1c9eac-63c0-4f72-9e6b-15ab244212f5,8ff5437e-997c-4ed5-8a7d-d6cbecfc8ccf
362,2026-03-21T11:32:18.957146+00:00,ETH-USD,match,2026-03-21T11:32:18.929894+00:00,787781279,95523812247,2153.99,5e-08,buy,cd4898ff-ba46-4c37-b493-0d2532cbb139,8ff5437e-997c-4ed5-8a7d-d6cbecfc8ccf
363,2026-03-21T11:32:18.957548+00:00,BTC-USD,match,2026-03-21T11:32:18.932467+00:00,984890418,124587676232,70571.58,0.00897894,buy,f0654bc4-d60f-483d-820c-71b42c852fc1,009aabfe-9b54-4e68-9cad-6d5bb68789df
364,2026-03-21T11:32:18.963316+00:00,XRP-USD,match,2026-03-21T11:32:18.934935+00:00,222847910,19507583553,1.4392,0.8,buy,4a79dbcb-4900-47e9-9f1e-caeb0d8e85f6,d90dccfa-5de8-4e8d-b749-39fd35396e02
365,2026-03-21T11:32:18.963413+00:00,XRP-USD,match,2026-03-21T11:32:18.934935+00:00,222847911,19507583555,1.4392,557.522658,buy,82d13a09-4a4a-48b6-ba09-ab594b9a7ab8,d90dccfa-5de8-4e8d-b749-39fd35396e02
366,2026-03-21T11:32:18.963445+00:00,BTC-USD,match,2026-03-21T11:32:18.934751+00:00,984890419,124587676272,70570.86,0.02,buy,600b938f-b540-4465-9034-a598f1682681,4b8eed7e-b1d9-4cae-99c0-b01841b19cd8
367,2026-03-21T11:32:18.963504+00:00,BTC-USD,match,2026-03-21T11:32:18.934751+00:00,984890420,124587676274,70570.85,0.0708,buy,74807f9a-5569-45c1-9526-324f472ac4e1,4b8eed7e-b1d9-4cae-99c0-b01841b19cd8
368,2026-03-21T11:32:18.963529+00:00,BTC-USD,match,2026-03-21T11:32:18.934751+00:00,984890421,124587676276,70570.45,0.00388,buy,1e005813-1801-45cd-94b2-880ab81b5fb9,4b8eed7e-b1d9-4cae-99c0-b01841b19cd8
369,2026-03-21T11:32:18.975973+00:00,BTC-USD,match,2026-03-21T11:32:18.939358+00:00,984890422,124587676365,70569.45,1.6e-05,buy,cee0462d-62a0-4c09-af49-df4877e3f298,a1a81ee5-bf53-489f-b6cc-dd6e3d520caf
370,2026-03-21T11:32:18.981928+00:00,SOL-USD,match,2026-03-21T11:32:18.941794+00:00,328330263,28295277533,89.86,0.37924724,buy,2a49d0d5-ba63-45ce-9488-c8cd233ee406,df616a04-7a0a-45a0-b2eb-e1dc682cb7ad
371,2026-03-21T11:32:18.982051+00:00,SOL-USD,match,2026-03-21T11:32:18.941794+00:00,328330264,28295277535,89.86,0.00567549,buy,847fba19-025f-4767-9391-71e922967da6,df616a04-7a0a-45a0-b2eb-e1dc682cb7ad
372,2026-03-21T11:32:18.982208+00:00,SOL-USD,match,2026-03-21T11:32:18.941794+00:00,328330265,28295277537,89.86,0.1477303,buy,7c65f570-4427-4553-bd1f-e4cf208dce9d,df616a04-7a0a-45a0-b2eb-e1dc682cb7ad
373,2026-03-21T11:32:18.982257+00:00,SOL-USD,match,2026-03-21T11:32:18.941794+00:00,328330266,28295277539,89.86,5.95773836,buy,58b4606d-f59a-4da0-be1f-9422697cece2,df616a04-7a0a-45a0-b2eb-e1dc682cb7ad
374,2026-03-21T11:32:18.982289+00:00,SOL-USD,match,2026-03-21T11:32:18.941794+00:00,328330267,28295277541,89.86,11.78826466,buy,1a127816-b2d9-40a8-944d-d8c374555c9f,df616a04-7a0a-45a0-b2eb-e1dc682cb7ad
375,2026-03-21T11:32:18.984476+00:00,SOL-USD,match,2026-03-21T11:32:18.943307+00:00,328330268,28295277548,89.86,0.71111674,buy,1a127816-b2d9-40a8-944d-d8c374555c9f,1c6c779a-6d7b-40a0-b01e-37a0ff33191a
376,2026-03-21T11:32:18.984555+00:00,SOL-USD,match,2026-03-21T11:32:18.944113+00:00,328330269,28295277551,89.86,2.2806186,buy,1a127816-b2d9-40a8-944d-d8c374555c9f,12aba411-8444-4892-8804-3a430201bf0f
377,2026-03-21T11:32:18.984585+00:00,SOL-USD,match,2026-03-21T11:32:18.944113+00:00,328330270,28295277553,89.86,0.00934787,buy,919f1ebd-6e33-40e8-a6da-40ad3f265a46,12aba411-8444-4892-8804-3a430201bf0f
378,2026-03-21T11:32:18.984612+00:00,ETH-USD,match,2026-03-21T11:32:18.948462+00:00,787781280,95523812443,2153.91,0.001,buy,96e4311f-5164-4df1-be89-582a03f7f717,0f1c24a3-db6a-405e-a51a-3d847430b984
379,2026-03-21T11:32:18.984638+00:00,ETH-USD,match,2026-03-21T11:32:18.948462+00:00,787781281,95523812445,2153.87,0.20002695,buy,c021f620-a641-476d-9ea6-020ad804ed8b,0f1c24a3-db6a-405e-a51a-3d847430b984
380,2026-03-21T11:32:18.984663+00:00,ETH-USD,match,2026-03-21T11:32:18.948462+00:00,787781282,95523812447,2153.87,0.19999456,buy,ebbc7924-f7fb-4304-89e0-d64db1582f81,0f1c24a3-db6a-405e-a51a-3d847430b984
381,2026-03-21T11:32:18.984689+00:00,SOL-USD,match,2026-03-21T11:32:18.948849+00:00,328330271,28295277568,89.86,0.57441554,buy,d72ffad3-7abd-4553-8348-be4fc29c587f,e2b3f547-5f94-49f9-b2ef-3d8d79a12127
382,2026-03-21T11:32:18.994634+00:00,BTC-USD,match,2026-03-21T11:32:18.955264+00:00,984890423,124587676701,70566.3,1.6e-05,buy,7adc3839-7239-48b1-97e0-cea781e70506,c72fb107-5460-41e5-b638-638220bf5edb
383,2026-03-21T11:32:18.99472+00:00,BTC-USD,match,2026-03-21T11:32:18.955264+00:00,984890424,124587676703,70566.09,0.01950357,buy,c970155a-ee25-4318-bcad-7aaf21a8e77e,c72fb107-5460-41e5-b638-638220bf5edb
384,2026-03-21T11:32:19.001624+00:00,BTC-USD,match,2026-03-21T11:32:18.961387+00:00,984890425,124587676773,70566.09,0.02391185,buy,c970155a-ee25-4318-bcad-7aaf21a8e77e,f92bc3ea-993e-442c-bad1-c3319148fe3d
385,2026-03-21T11:32:19.0017+00:00,BTC-USD,match,2026-03-21T11:32:18.961387+00:00,984890426,124587676775,70565.1,0.00776,buy,8d3381d0-b0d9-46ad-81b0-1a25acfccc5f,f92bc3ea-993e-442c-bad1-c3319148fe3d
386,2026-03-21T11:32:19.001729+00:00,BTC-USD,match,2026-03-21T11:32:18.961387+00:00,984890427,124587676777,70564.85,0.09696361,buy,72e2fda8-351c-4d64-9175-91bc4e874829,f92bc3ea-993e-442c-bad1-c3319148fe3d
387,2026-03-21T11:32:19.014271+00:00,BTC-USD,match,2026-03-21T11:32:18.966652+00:00,984890428,124587676840,70564.85,0.04993319,buy,72e2fda8-351c-4d64-9175-91bc4e874829,e950e0e6-60b2-4695-a6ea-bceb6945345b
388,2026-03-21T11:32:19.024498+00:00,SOL-USD,match,2026-03-21T11:32:18.981949+00:00,328330272,28295277693,89.85,0.013,buy,dd980c6f-bf81-418a-aa04-ad2113f91a16,473da472-4e24-4c22-bdc0-549b459496c4
389,2026-03-21T11:32:19.024558+00:00,SOL-USD,match,2026-03-21T11:32:18.981949+00:00,328330273,28295277695,89.85,0.57441554,buy,bdb6ff44-841a-481b-acb7-0841f9aca5d6,473da472-4e24-4c22-bdc0-549b459496c4
390,2026-03-21T11:32:19.043336+00:00,SOL-USD,match,2026-03-21T11:32:18.989047+00:00,328330274,28295277732,89.85,0.57441554,buy,3962bb3b-f752-4536-8b1a-0aae83c3c3a7,a1d93462-16a9-4b69-bccc-6fa79fcb6eab
391,2026-03-21T11:32:19.503588+00:00,ETH-USD,match,2026-03-21T11:32:19.366976+00:00,787781283,95523813046,2153.81,0.00055597,sell,c8448e49-017e-4b01-b6db-e34e32ad90a0,ed8c4977-4732-4e06-b21d-d0f46893fd33
392,2026-03-21T11:32:19.503656+00:00,XRP-USD,match,2026-03-21T11:32:19.406985+00:00,222847912,19507583868,1.4392,1e-05,sell,6af26414-c882-475f-a069-20062b7ce0f4,44ca897c-11ee-4abf-a35c-769eed09cad0
393,2026-03-21T11:32:19.50373+00:00,BTC-USD,match,2026-03-21T11:32:19.414269+00:00,984890429,124587678032,70563.15,1.6e-05,buy,c7b20781-aeef-455f-9ce0-76439c0155fc,1a6a6e74-9a60-4ede-bf2c-438c1399c283
394,2026-03-21T11:32:19.503759+00:00,BTC-USD,match,2026-03-21T11:32:19.414269+00:00,984890430,124587678034,70563.15,2.815e-05,buy,d699cf38-95a7-403b-a748-188912cba124,1a6a6e74-9a60-4ede-bf2c-438c1399c283
395,2026-03-21T11:32:19.503786+00:00,BTC-USD,match,2026-03-21T11:32:19.414269+00:00,984890431,124587678036,70563.15,0.05318768,buy,f73dac7d-567f-4ca4-9620-cf82cdd3aa06,1a6a6e74-9a60-4ede-bf2c-438c1399c283
396,2026-03-21T11:32:20.088268+00:00,ETH-USD,match,2026-03-21T11:32:20.084115+00:00,787781284,95523813259,2153.81,0.01805323,sell,c8448e49-017e-4b01-b6db-e34e32ad90a0,da99a666-a714-49a9-bc41-3f2202f9cd4a
397,2026-03-21T11:32:20.115922+00:00,ETH-USD,match,2026-03-21T11:32:20.108979+00:00,787781285,95523813271,2153.8,0.001,buy,671a926f-a01d-448d-ad9c-99fe0ef08a3e,96ccf372-da42-4e69-b9f6-39d69673b6fb
398,2026-03-21T11:32:20.115998+00:00,ETH-USD,match,2026-03-21T11:32:20.108979+00:00,787781286,95523813273,2153.8,0.00096936,buy,96a5a25e-3000-45cd-a509-c0f949609c03,96ccf372-da42-4e69-b9f6-39d69673b6fb
399,2026-03-21T11:32:20.116022+00:00,ETH-USD,match,2026-03-21T11:32:20.108979+00:00,787781287,95523813275,2153.8,0.00250719,buy,9d645e17-4e94-48eb-9d84-f8ec72485a5b,96ccf372-da42-4e69-b9f6-39d69673b6fb
400,2026-03-21T11:32:20.450752+00:00,XRP-USD,match,2026-03-21T11:32:20.323319+00:00,222847913,19507584023,1.4391,0.8,buy,135342f8-8ff7-4f44-b6c6-5bda68b2d4b2,cc2616e1-0a14-4dee-8a21-fdf9c399487b
401,2026-03-21T11:32:20.450839+00:00,XRP-USD,match,2026-03-21T11:32:20.323319+00:00,222847914,19507584025,1.4391,68.654019,buy,4218e45c-209c-45ee-bfcb-6741fb6a2293,cc2616e1-0a14-4dee-8a21-fdf9c399487b
402,2026-03-21T11:32:20.45087+00:00,XRP-USD,match,2026-03-21T11:32:20.323319+00:00,222847915,19507584027,1.4391,277.665326,buy,f7d710da-0dec-44a9-8b3d-ddbd7a2d8da0,cc2616e1-0a14-4dee-8a21-fdf9c399487b
403,2026-03-21T11:32:21.195968+00:00,ETH-USD,match,2026-03-21T11:32:21.188916+00:00,787781288,95523813567,2153.79,0.00459604,sell,2d023085-5ca0-4b7f-b40e-9bb004d92009,2da97c97-de15-42b5-881b-420bea899340
404,2026-03-21T11:32:21.377956+00:00,BTC-USD,match,2026-03-21T11:32:21.274507+00:00,984890432,124587679791,70558.65,0.00040314,sell,8cdd5b44-0c33-4689-a71c-f708c99bb9ad,40c61718-86dd-4d48-89de-8cacd0803e24
405,2026-03-21T11:32:21.661974+00:00,XRP-USD,match,2026-03-21T11:32:21.566717+00:00,222847916,19507584277,1.439,0.8,buy,76e797b2-321c-4bd4-a187-1c8166a40a8a,ad516bfa-0826-40e2-8085-e84e325c1d54
406,2026-03-21T11:32:21.662053+00:00,XRP-USD,match,2026-03-21T11:32:21.566717+00:00,222847917,19507584279,1.439,2.798949,buy,fb62f84d-e91f-480f-859d-891ec52d0645,ad516bfa-0826-40e2-8085-e84e325c1d54
407,2026-03-21T11:32:21.662083+00:00,XRP-USD,match,2026-03-21T11:32:21.566717+00:00,222847918,19507584281,1.439,3.182,buy,c528858c-29e0-4286-a48c-fe504f5826fd,ad516bfa-0826-40e2-8085-e84e325c1d54
408,2026-03-21T11:32:22.028503+00:00,ETH-USD,match,2026-03-21T11:32:22.019534+00:00,787781289,95523813679,2153.79,0.08894124,sell,2d023085-5ca0-4b7f-b40e-9bb004d92009,466474b5-556d-43a2-9300-5d8892a1e590
409,2026-03-21T11:32:22.028586+00:00,ETH-USD,match,2026-03-21T11:32:22.019534+00:00,787781290,95523813681,2153.79,0.0064151,sell,20a5ec72-d12a-49e8-9044-0cb34a26a398,466474b5-556d-43a2-9300-5d8892a1e590
410,2026-03-21T11:32:22.333174+00:00,XRP-USD,match,2026-03-21T11:32:22.330204+00:00,222847919,19507584479,1.4392,1e-05,sell,f6a4c820-ff8b-477c-a351-85987d5139d3,757f4c0d-7099-4f0f-915e-0e5aeb5ee124
411,2026-03-21T11:32:22.420733+00:00,XRP-USD,match,2026-03-21T11:32:22.41714+00:00,222847920,19507584505,1.4392,68.194208,sell,f6a4c820-ff8b-477c-a351-85987d5139d3,bdf71537-accd-4e85-a89c-2bc0b87f6e44
412,2026-03-21T11:32:22.42081+00:00,XRP-USD,match,2026-03-21T11:32:22.41714+00:00,222847921,19507584507,1.4393,1831.093844,sell,27efd9db-3852-4d42-ad48-6d009507e0fe,bdf71537-accd-4e85-a89c-2bc0b87f6e44
413,2026-03-21T11:32:22.42084+00:00,XRP-USD,match,2026-03-21T11:32:22.41714+00:00,222847922,19507584509,1.4393,944.9,sell,84891af7-6732-406b-93c6-e1cb229a5d70,bdf71537-accd-4e85-a89c-2bc0b87f6e44
414,2026-03-21T11:32:23.61675+00:00,ETH-USD,match,2026-03-21T11:32:23.603895+00:00,787781291,95523813810,2153.78,5e-08,buy,b57eeaea-4e83-4296-8fc7-2a6fbb683ca3,8cdb1298-e050-4043-9a10-18a60474c58d
415,2026-03-21T11:32:23.616844+00:00,ETH-USD,match,2026-03-21T11:32:23.603895+00:00,787781292,95523813812,2153.78,0.00010678,buy,a896843e-7d20-4876-8843-56229857bec5,8cdb1298-e050-4043-9a10-18a60474c58d
416,2026-03-21T11:32:23.616882+00:00,ETH-USD,match,2026-03-21T11:32:23.603895+00:00,787781293,95523813814,2153.78,0.09353728,buy,067a82fb-b2f2-4d86-9054-ccef0ba14fcc,8cdb1298-e050-4043-9a10-18a60474c58d
417,2026-03-21T11:32:23.618398+00:00,SOL-USD,match,2026-03-21T11:32:23.604987+00:00,328330275,28295278565,89.84,0.013,buy,3ba9c025-3042-4983-b8ba-16a4de95b515,060ddbc4-53cc-4d9f-ab17-60d0e642cbe2
418,2026-03-21T11:32:23.618471+00:00,SOL-USD,match,2026-03-21T11:32:23.604987+00:00,328330276,28295278567,89.84,0.57441554,buy,e491dc81-4892-4b5c-be55-657de1827b0c,060ddbc4-53cc-4d9f-ab17-60d0e642cbe2
419,2026-03-21T11:32:23.618501+00:00,SOL-USD,match,2026-03-21T11:32:23.604987+00:00,328330277,28295278569,89.84,5.49122643,buy,f293ce07-ce69-4ca3-9fc8-36441c0ce48c,060ddbc4-53cc-4d9f-ab17-60d0e642cbe2
420,2026-03-21T11:32:23.618528+00:00,SOL-USD,match,2026-03-21T11:32:23.604987+00:00,328330278,28295278571,89.84,0.0124666,buy,58b6e0d1-d4b8-4067-a180-c73d2b9c37f5,060ddbc4-53cc-4d9f-ab17-60d0e642cbe2
421,2026-03-21T11:32:23.618556+00:00,SOL-USD,match,2026-03-21T11:32:23.604987+00:00,328330279,28295278573,89.84,1.57005659,buy,0287c0b1-aaf2-4776-816e-8955cae8efe1,060ddbc4-53cc-4d9f-ab17-60d0e642cbe2
422,2026-03-21T11:32:23.618581+00:00,ETH-USD,match,2026-03-21T11:32:23.60501+00:00,787781294,95523813821,2153.74,0.19999303,buy,5065ecd6-1ab3-4b39-a848-38b954383573,6bfb5d2d-f681-4c5a-a266-68acb609d806
423,2026-03-21T11:32:23.618611+00:00,ETH-USD,match,2026-03-21T11:32:23.60501+00:00,787781295,95523813823,2153.69,0.001,buy,32a382ea-efbb-435c-bef3-88977de17456,6bfb5d2d-f681-4c5a-a266-68acb609d806
424,2026-03-21T11:32:23.61864+00:00,ETH-USD,match,2026-03-21T11:32:23.60501+00:00,787781296,95523813825,2153.68,0.20003584,buy,6514f4b1-12b8-4edb-b500-92815bf7e240,6bfb5d2d-f681-4c5a-a266-68acb609d806
425,2026-03-21T11:32:23.618769+00:00,ETH-USD,match,2026-03-21T11:32:23.60501+00:00,787781297,95523813827,2153.68,0.00119144,buy,1ca9d010-d250-4a73-895d-8e0ad38c21c1,6bfb5d2d-f681-4c5a-a266-68acb609d806
426,2026-03-21T11:32:23.624707+00:00,ETH-USD,match,2026-03-21T11:32:23.609462+00:00,787781298,95523813866,2153.68,0.19894889,buy,1ca9d010-d250-4a73-895d-8e0ad38c21c1,afcb8cd3-0dbe-49f3-b1ad-a648acb894a8
427,2026-03-21T11:32:23.624793+00:00,ETH-USD,match,2026-03-21T11:32:23.609462+00:00,787781299,95523813868,2153.67,5e-08,buy,61cbd44a-7681-4787-bd7b-e445f415f8a5,afcb8cd3-0dbe-49f3-b1ad-a648acb894a8
428,2026-03-21T11:32:23.626981+00:00,SOL-USD,match,2026-03-21T11:32:23.610327+00:00,328330280,28295278585,89.84,1e-08,buy,0287c0b1-aaf2-4776-816e-8955cae8efe1,30040a22-d0de-41d0-b73d-b195f309986c
429,2026-03-21T11:32:23.627368+00:00,SOL-USD,match,2026-03-21T11:32:23.610327+00:00,328330281,28295278587,89.84,0.57441554,buy,a883eb90-fe59-4261-b9cc-85f50cd4af71,30040a22-d0de-41d0-b73d-b195f309986c
430,2026-03-21T11:32:23.710474+00:00,ETH-USD,match,2026-03-21T11:32:23.704884+00:00,787781300,95523814069,2153.62,0.018,sell,14cf210d-e886-4a8c-b038-f9ceb18c1838,cacc4612-6e10-4e0d-a5b4-e35247d796fc
431,2026-03-21T11:32:24.156765+00:00,XRP-USD,match,2026-03-21T11:32:24.151391+00:00,222847923,19507584934,1.4394,68.194218,sell,6822e3f6-5149-4f31-b50e-a45fcdd9e731,69a7e6a1-0f69-4117-bdeb-e717047f1989
432,2026-03-21T11:32:24.156853+00:00,XRP-USD,match,2026-03-21T11:32:24.151391+00:00,222847924,19507584936,1.4394,100.576883,sell,b1840785-06e7-4d1a-b624-83014aac8337,69a7e6a1-0f69-4117-bdeb-e717047f1989
433,2026-03-21T11:32:25.023333+00:00,SOL-USD,match,2026-03-21T11:32:25.019866+00:00,328330282,28295278787,89.84,0.14331701,sell,aecbff45-840e-449a-afc0-637951846bb0,d009101c-4ab2-4b81-bd22-a713ef154d61
434,2026-03-21T11:32:25.041991+00:00,XRP-USD,match,2026-03-21T11:32:25.037768+00:00,222847925,19507584997,1.4394,1e-05,sell,b1840785-06e7-4d1a-b624-83014aac8337,121be2db-f1ef-446e-9cd3-f7a1ee1a33b5
435,2026-03-21T11:32:25.129198+00:00,BTC-USD,match,2026-03-21T11:32:25.123334+00:00,984890433,124587681067,70558.65,5.994e-05,sell,4a95ca59-910e-4c22-9a82-92644d95c6fe,dd79e0cd-558d-4e56-90a3-0a32ac88a76b
436,2026-03-21T11:32:25.129285+00:00,BTC-USD,match,2026-03-21T11:32:25.123334+00:00,984890434,124587681069,70558.65,1.02e-05,sell,eec72716-28e8-41b7-8959-457241140cfe,dd79e0cd-558d-4e56-90a3-0a32ac88a76b
437,2026-03-21T11:32:25.370672+00:00,ETH-USD,match,2026-03-21T11:32:25.365342+00:00,787781301,95523814247,2153.62,0.00055602,sell,14cf210d-e886-4a8c-b038-f9ceb18c1838,8f8eb64d-ee02-4d16-9fa9-d27c53ad35ee
438,2026-03-21T11:32:25.679516+00:00,ETH-USD,match,2026-03-21T11:32:25.67672+00:00,787781302,95523814272,2153.62,0.00137881,sell,14cf210d-e886-4a8c-b038-f9ceb18c1838,b87b1b8a-8d11-455d-a217-f3d7c9de516b
439,2026-03-21T11:32:26.189638+00:00,XRP-USD,match,2026-03-21T11:32:26.158379+00:00,222847926,19507585061,1.4393,68.194218,buy,c37c0356-53ad-4ab2-a533-6153f0ffc966,a39a8879-fa25-48e3-8869-518973c27f6b
440,2026-03-21T11:32:26.189712+00:00,XRP-USD,match,2026-03-21T11:32:26.158379+00:00,222847927,19507585063,1.4393,306.289486,buy,e796fb0f-510b-4a6a-814d-5e732ca8183e,a39a8879-fa25-48e3-8869-518973c27f6b
441,2026-03-21T11:32:26.189768+00:00,XRP-USD,match,2026-03-21T11:32:26.159203+00:00,222847928,19507585069,1.4392,20.839077,buy,b849d5f6-00a7-463e-8513-386dc7aed6df,f217354d-9993-46e9-854a-8563261ec5e8
442,2026-03-21T11:32:26.189797+00:00,XRP-USD,match,2026-03-21T11:32:26.168471+00:00,222847929,19507585167,1.4392,68.194218,buy,7d28f644-6be7-4ae8-9b1d-752b9ebe3085,5a5e0d7f-861c-46d3-bcae-b099c4bfe570
443,2026-03-21T11:32:26.189819+00:00,XRP-USD,match,2026-03-21T11:32:26.168471+00:00,222847930,19507585169,1.4391,786.091497,buy,d369cf8d-7a01-4aff-9750-9aaa840329f3,5a5e0d7f-861c-46d3-bcae-b099c4bfe570
444,2026-03-21T11:32:26.189841+00:00,XRP-USD,match,2026-03-21T11:32:26.168471+00:00,222847931,19507585171,1.4391,2876.648884,buy,fdf1a381-1b48-47f8-be82-652e5816e3cf,5a5e0d7f-861c-46d3-bcae-b099c4bfe570
445,2026-03-21T11:32:26.635279+00:00,BTC-USD,match,2026-03-21T11:32:26.49332+00:00,984890435,124587681362,70558.65,0.00041866,sell,eec72716-28e8-41b7-8959-457241140cfe,3efaa1f5-04f5-4ee4-bec6-4d9504b98c9c
446,2026-03-21T11:32:27.450278+00:00,BTC-USD,match,2026-03-21T11:32:27.445547+00:00,984890436,124587681676,70558.65,0.00021046,sell,eec72716-28e8-41b7-8959-457241140cfe,a5098fdc-ff42-46eb-90e7-9782971e2203
447,2026-03-21T11:32:27.759358+00:00,SOL-USD,match,2026-03-21T11:32:27.752821+00:00,328330283,28295279134,89.84,2.70330477,sell,aecbff45-840e-449a-afc0-637951846bb0,ef909517-e326-4c3f-a2d8-adf4c28d9b3a
448,2026-03-21T11:32:27.959291+00:00,ETH-USD,match,2026-03-21T11:32:27.874765+00:00,787781303,95523814582,2153.62,0.01100873,sell,14cf210d-e886-4a8c-b038-f9ceb18c1838,e95f6862-dd5d-4d19-90cb-79268520b834
449,2026-03-21T11:32:28.065342+00:00,XRP-USD,match,2026-03-21T11:32:28.061105+00:00,222847932,19507585561,1.4392,1e-05,sell,5154afb9-020a-4083-9bcb-f45a250888b7,6a1e9d7e-83ad-4521-93ee-ad68ad1b624e
450,2026-03-21T11:32:28.072424+00:00,BTC-USD,match,2026-03-21T11:32:28.066152+00:00,984890437,124587681924,70558.65,0.00172159,sell,eec72716-28e8-41b7-8959-457241140cfe,efc8ed97-e94b-4fb3-a0c8-76cd3e6d10aa
451,2026-03-21T11:32:28.133207+00:00,XRP-USD,match,2026-03-21T11:32:28.125286+00:00,222847933,19507585570,1.4391,68.194218,buy,1ed6fc4d-831f-41c2-b3c3-42b91430b145,8eb2055e-d99b-4ff0-9527-ff4ab40a0ada
452,2026-03-21T11:32:28.133292+00:00,XRP-USD,match,2026-03-21T11:32:28.125286+00:00,222847934,19507585572,1.4391,1.38859,buy,90947f7b-a56e-4350-a74d-eb480408b800,8eb2055e-d99b-4ff0-9527-ff4ab40a0ada
453,2026-03-21T11:32:28.460048+00:00,BTC-USD,match,2026-03-21T11:32:28.453995+00:00,984890438,124587682005,70558.64,0.00502863,buy,88ee1929-ed45-4fb4-8901-73f9b9e37cf8,f3effca9-30da-45ab-b4ae-cd370c98caab
454,2026-03-21T11:32:28.460147+00:00,BTC-USD,match,2026-03-21T11:32:28.453995+00:00,984890439,124587682007,70558.64,0.002152,buy,6e69de92-dde6-45c0-a4e8-f354bbe521d2,f3effca9-30da-45ab-b4ae-cd370c98caab
455,2026-03-21T11:32:28.962507+00:00,SOL-USD,match,2026-03-21T11:32:28.837148+00:00,328330284,28295279204,89.84,0.26377239,sell,aecbff45-840e-449a-afc0-637951846bb0,02ea3714-1883-4ff2-9c8a-753424bb02a5
456,2026-03-21T11:32:28.962588+00:00,SOL-USD,match,2026-03-21T11:32:28.931477+00:00,328330285,28295279216,89.83,0.00032163,buy,352db37a-9b13-4669-acc1-b85dc69a8783,eb2ce19a-3814-412f-b3b2-1c841dffb83a
457,2026-03-21T11:32:28.96262+00:00,BTC-USD,match,2026-03-21T11:32:28.951556+00:00,984890440,124587682161,70558.65,0.00070153,sell,eec72716-28e8-41b7-8959-457241140cfe,effc2da3-633d-4cef-a565-9582f7f1a323
458,2026-03-21T11:32:28.994361+00:00,SOL-USD,match,2026-03-21T11:32:28.989407+00:00,328330286,28295279235,89.84,0.10555593,sell,2b362265-91d5-453d-a53f-74b115a9fdcd,af9daef8-7a76-442b-b307-0734f7286cfc
459,2026-03-21T11:32:29.031496+00:00,SOL-USD,match,2026-03-21T11:32:29.021227+00:00,328330287,28295279244,89.84,0.0055098,sell,2b362265-91d5-453d-a53f-74b115a9fdcd,fe3faecf-8b2a-4d1f-ab4e-434f5527d6cf
460,2026-03-21T11:32:29.070583+00:00,BTC-USD,match,2026-03-21T11:32:29.062305+00:00,984890441,124587682238,70558.65,0.00140309,sell,eec72716-28e8-41b7-8959-457241140cfe,eaff80f8-63ae-462d-8a3f-afb995002425
461,2026-03-21T11:32:29.160192+00:00,BTC-USD,match,2026-03-21T11:32:29.152034+00:00,984890442,124587682283,70558.65,6.9e-07,sell,eec72716-28e8-41b7-8959-457241140cfe,86e0e9a1-3aa5-44af-96fa-8b59049c03b5
462,2026-03-21T11:32:29.535702+00:00,BTC-USD,match,2026-03-21T11:32:29.5307+00:00,984890443,124587682390,70558.64,2.2e-07,buy,6e69de92-dde6-45c0-a4e8-f354bbe521d2,712748c8-8f22-4400-887e-07a74034820e
463,2026-03-21T11:32:29.588557+00:00,BTC-USD,match,2026-03-21T11:32:29.582258+00:00,984890444,124587682402,70558.65,0.00056241,sell,eec72716-28e8-41b7-8959-457241140cfe,bbc03550-a7ab-4617-aa87-6a9faa9bcf37
464,2026-03-21T11:32:29.588641+00:00,BTC-USD,match,2026-03-21T11:32:29.582258+00:00,984890445,124587682404,70558.65,2.2e-07,sell,037a6cfd-75a0-4b78-bec9-7f47bceff3d4,bbc03550-a7ab-4617-aa87-6a9faa9bcf37
465,2026-03-21T11:32:29.588674+00:00,BTC-USD,match,2026-03-21T11:32:29.582258+00:00,984890446,124587682406,70558.65,0.00457267,sell,2fc261c1-0c30-4913-8de2-a1fc1c3eed48,bbc03550-a7ab-4617-aa87-6a9faa9bcf37
466,2026-03-21T11:32:29.780331+00:00,BTC-USD,match,2026-03-21T11:32:29.678732+00:00,984890447,124587682422,70558.65,8.068e-05,sell,2fc261c1-0c30-4913-8de2-a1fc1c3eed48,7daba5bb-ea92-4c45-b5ac-0fde9c6a1394
467,2026-03-21T11:32:29.825075+00:00,ETH-USD,match,2026-03-21T11:32:29.818818+00:00,787781304,95523814810,2153.62,0.00068954,sell,14cf210d-e886-4a8c-b038-f9ceb18c1838,a360360b-1aad-4f52-8479-a8a0a2c03b90
468,2026-03-21T11:32:29.996959+00:00,BTC-USD,match,2026-03-21T11:32:29.99075+00:00,984890448,124587682472,70558.65,0.00041321,sell,2fc261c1-0c30-4913-8de2-a1fc1c3eed48,421479bc-da10-4996-a7cf-d1985e2618b0
469,2026-03-21T11:32:30.06784+00:00,XRP-USD,match,2026-03-21T11:32:30.063665+00:00,222847935,19507585718,1.4393,0.185702,sell,aacc8c24-c19b-437e-8fa1-6a95ff71d8c6,8d224205-4f02-4eaa-b155-39c2e012cae8
470,2026-03-21T11:32:30.441665+00:00,BTC-USD,match,2026-03-21T11:32:30.438069+00:00,984890449,124587682561,70558.65,0.00027543,sell,2fc261c1-0c30-4913-8de2-a1fc1c3eed48,bb1574d1-33ff-4356-8313-6e434c7fbdf2
471,2026-03-21T11:32:30.712578+00:00,BTC-USD,match,2026-03-21T11:32:30.537952+00:00,984890450,124587682600,70558.65,4.4e-07,sell,2fc261c1-0c30-4913-8de2-a1fc1c3eed48,01d49bc1-109d-4946-bf19-ceaf5400acf7
472,2026-03-21T11:32:30.712685+00:00,XRP-USD,match,2026-03-21T11:32:30.697598+00:00,222847936,19507585745,1.4393,6.705919,sell,aacc8c24-c19b-437e-8fa1-6a95ff71d8c6,2742bcff-41df-425b-92e4-4f980cc906dc
473,2026-03-21T11:32:30.745933+00:00,XRP-USD,match,2026-03-21T11:32:30.741595+00:00,222847937,19507585750,1.4393,1e-05,sell,aacc8c24-c19b-437e-8fa1-6a95ff71d8c6,2da7882b-8f40-49b8-8f43-58552e19f9ae
474,2026-03-21T11:32:30.965575+00:00,SOL-USD,match,2026-03-21T11:32:30.923587+00:00,328330288,28295279412,89.84,0.2754591,sell,2b362265-91d5-453d-a53f-74b115a9fdcd,12b86d90-8e95-44be-bed6-912dc64416f4
475,2026-03-21T11:32:31.355781+00:00,ETH-USD,match,2026-03-21T11:32:31.351336+00:00,787781305,95523814908,2153.62,0.00055608,sell,14cf210d-e886-4a8c-b038-f9ceb18c1838,52d78a08-a9ff-47e2-9ef8-7ca9cbdf118c
476,2026-03-21T11:32:31.442561+00:00,SOL-USD,match,2026-03-21T11:32:31.438656+00:00,328330289,28295279522,89.84,0.02754898,sell,2b362265-91d5-453d-a53f-74b115a9fdcd,b00b5cc0-ba38-492a-83cb-1104310d39bc
477,2026-03-21T11:32:32.417981+00:00,BTC-USD,match,2026-03-21T11:32:32.395427+00:00,984890451,124587682948,70558.65,9.822e-05,sell,2fc261c1-0c30-4913-8de2-a1fc1c3eed48,5868fd9f-43d8-4d89-a17c-0a59746e8a97
478,2026-03-21T11:32:33.249249+00:00,BTC-USD,match,2026-03-21T11:32:33.244684+00:00,984890452,124587683127,70558.65,0.00241022,sell,2fc261c1-0c30-4913-8de2-a1fc1c3eed48,8819a020-faf9-43b5-a61a-a8508c471c46
479,2026-03-21T11:32:33.266103+00:00,XRP-USD,match,2026-03-21T11:32:33.260949+00:00,222847938,19507585863,1.4393,1e-05,sell,aacc8c24-c19b-437e-8fa1-6a95ff71d8c6,b0bdaa1f-e927-4c28-b42f-5a33baf2f610
480,2026-03-21T11:32:33.42564+00:00,BTC-USD,match,2026-03-21T11:32:33.412269+00:00,984890453,124587683160,70558.65,0.00027543,sell,2fc261c1-0c30-4913-8de2-a1fc1c3eed48,a192171f-56ed-438e-919c-2f341cdadef7
481,2026-03-21T11:32:33.50074+00:00,BTC-USD,match,2026-03-21T11:32:33.494635+00:00,984890454,124587683206,70558.65,0.00141151,sell,2fc261c1-0c30-4913-8de2-a1fc1c3eed48,cba93300-9c0b-4685-beb7-744f82b1540c
482,2026-03-21T11:32:33.650614+00:00,XRP-USD,match,2026-03-21T11:32:33.518572+00:00,222847939,19507585872,1.4393,0.687787,sell,aacc8c24-c19b-437e-8fa1-6a95ff71d8c6,843ba8f5-8db8-4f1f-aa44-b65d2bace29d
483,2026-03-21T11:32:34.753514+00:00,XRP-USD,match,2026-03-21T11:32:34.750235+00:00,222847940,19507585920,1.4393,15.875893,sell,aacc8c24-c19b-437e-8fa1-6a95ff71d8c6,4b11e698-8682-4111-bb50-8077106c5da8
484,2026-03-21T11:32:34.771152+00:00,XRP-USD,match,2026-03-21T11:32:34.767302+00:00,222847941,19507585923,1.4393,0.005764,sell,aacc8c24-c19b-437e-8fa1-6a95ff71d8c6,036a4455-0eb5-4cf8-843f-afdd09bd26e6
485,2026-03-21T11:32:35.027563+00:00,ETH-USD,match,2026-03-21T11:32:35.022765+00:00,787781306,95523815145,2153.62,0.00367753,sell,1d94c629-c7a9-4aec-ad6d-587b86414be0,fac25c12-73c3-4e1a-bc61-5915233d55a6
486,2026-03-21T11:32:35.256346+00:00,XRP-USD,match,2026-03-21T11:32:35.250982+00:00,222847942,19507585951,1.4393,6.705919,sell,aacc8c24-c19b-437e-8fa1-6a95ff71d8c6,ec329f18-8179-4aa1-a658-9c34713cf567
487,2026-03-21T11:32:35.961586+00:00,XRP-USD,match,2026-03-21T11:32:35.887565+00:00,222847943,19507585986,1.4393,1e-05,sell,aacc8c24-c19b-437e-8fa1-6a95ff71d8c6,4c95337e-f109-4243-98ff-6940dc1b6d05
488,2026-03-21T11:32:36.299622+00:00,BTC-USD,match,2026-03-21T11:32:36.293698+00:00,984890455,124587683671,70558.65,0.0020749,sell,2fc261c1-0c30-4913-8de2-a1fc1c3eed48,3f5af6a2-b0c2-48e7-89d8-b5bc71fd46af
489,2026-03-21T11:32:36.299896+00:00,BTC-USD,match,2026-03-21T11:32:36.293698+00:00,984890456,124587683673,70558.65,3.996e-05,sell,ea921e9a-abbe-45d6-ba33-23a7d99a703b,3f5af6a2-b0c2-48e7-89d8-b5bc71fd46af
490,2026-03-21T11:32:36.299937+00:00,BTC-USD,match,2026-03-21T11:32:36.293698+00:00,984890457,124587683675,70558.65,0.00139286,sell,f8726d8d-4a2e-482b-af05-93985b6c89c2,3f5af6a2-b0c2-48e7-89d8-b5bc71fd46af
491,2026-03-21T11:32:36.315348+00:00,BTC-USD,match,2026-03-21T11:32:36.309467+00:00,984890458,124587683692,70558.65,0.00014031,sell,f8726d8d-4a2e-482b-af05-93985b6c89c2,40bc42dd-38ec-4295-bd71-e176b3d7f824
492,2026-03-21T11:32:36.663712+00:00,BTC-USD,match,2026-03-21T11:32:36.639634+00:00,984890459,124587683748,70558.65,0.00014031,sell,f8726d8d-4a2e-482b-af05-93985b6c89c2,cfdb4138-35e4-4623-8045-4c9337be8d8e
493,2026-03-21T11:32:37.424185+00:00,ETH-USD,match,2026-03-21T11:32:37.414008+00:00,787781307,95523815358,2153.62,0.00055608,sell,1d94c629-c7a9-4aec-ad6d-587b86414be0,0352cc62-47a0-4e6d-ae5b-5c97241b9765
494,2026-03-21T11:32:37.685891+00:00,BTC-USD,match,2026-03-21T11:32:37.681762+00:00,984890460,124587683923,70558.65,0.00140309,sell,f8726d8d-4a2e-482b-af05-93985b6c89c2,159dc887-4d61-42fb-9b8d-3bdf554117fb
