id,curr_time,product_id,event_type,trade_time,trade_id,sequence,price,size,side,maker_order_id,taker_order_id
0,2026-03-21T11:41:39.307014+00:00,BTC-USD,match,2026-03-21T11:41:39.302603+00:00,984891477,124587828855,70613.56,0.00014018,sell,39bfd770-e7b9-4d5c-85ed-4af42730578e,0ca44953-d748-4f6f-b2dc-a55452f8f595
1,2026-03-21T11:41:39.330711+00:00,BTC-USD,match,2026-03-21T11:41:39.324994+00:00,984891478,124587828869,70613.56,0.00275192,sell,39bfd770-e7b9-4d5c-85ed-4af42730578e,a4d9b74a-54d4-4356-894e-9682d02d6ab1
2,2026-03-21T11:41:39.513423+00:00,BTC-USD,match,2026-03-21T11:41:39.507204+00:00,984891479,124587828958,70613.56,4.4e-07,sell,39bfd770-e7b9-4d5c-85ed-4af42730578e,31f8de7b-e2e6-48e2-b07c-f2ca903a3b6e
3,2026-03-21T11:41:39.749446+00:00,ETH-USD,match,2026-03-21T11:41:39.74465+00:00,787781893,95523882657,2156.45,0.00879482,sell,3503ec47-c1f9-432c-9cf7-b69411526ac4,f5b29fe5-af28-468e-bf24-b7240fe8e263
4,2026-03-21T11:41:40.079427+00:00,ETH-USD,match,2026-03-21T11:41:40.074761+00:00,787781894,95523882682,2156.45,0.020643,sell,3503ec47-c1f9-432c-9cf7-b69411526ac4,aed15eb3-94b7-4cd9-ae92-692b7b12f114
5,2026-03-21T11:41:40.142682+00:00,ETH-USD,match,2026-03-21T11:41:40.137668+00:00,787781895,95523882691,2156.45,0.03819246,sell,3503ec47-c1f9-432c-9cf7-b69411526ac4,9e767be4-cf57-4556-8d22-99149c49f45c
6,2026-03-21T11:41:40.142756+00:00,ETH-USD,match,2026-03-21T11:41:40.137668+00:00,787781896,95523882693,2156.45,0.00686492,sell,810a66ed-1057-4fcd-b48f-b936c807991b,9e767be4-cf57-4556-8d22-99149c49f45c
7,2026-03-21T11:41:40.420218+00:00,XRP-USD,match,2026-03-21T11:41:40.416984+00:00,222848403,19507620725,1.4417,1e-05,sell,9b14ea11-709e-44b3-8c2e-bd1342285fe9,5eaae8c8-9b8a-40a5-830c-1d365a9a196d
8,2026-03-21T11:41:40.574607+00:00,ETH-USD,match,2026-03-21T11:41:40.570126+00:00,787781897,95523882714,2156.45,0.015705,sell,810a66ed-1057-4fcd-b48f-b936c807991b,b47f4bd7-d1e4-4787-b72f-f3f52cea0c94
9,2026-03-21T11:41:40.754423+00:00,BTC-USD,match,2026-03-21T11:41:40.662355+00:00,984891480,124587829291,70613.56,4.4e-07,sell,39bfd770-e7b9-4d5c-85ed-4af42730578e,bdfd1263-f322-4ccb-aff6-4d2df5d8d03f
10,2026-03-21T11:41:40.96574+00:00,BTC-USD,match,2026-03-21T11:41:40.902135+00:00,984891481,124587829330,70613.55,1.6e-05,buy,336681f0-8474-4617-9b5b-1bb337f1bbb3,3efccc77-436c-484a-92f0-d8cec6a87436
11,2026-03-21T11:41:40.965845+00:00,BTC-USD,match,2026-03-21T11:41:40.902135+00:00,984891482,124587829332,70613.55,0.02343609,buy,2952863e-9d7a-446a-8c4c-1e3cac8d5a59,3efccc77-436c-484a-92f0-d8cec6a87436
12,2026-03-21T11:41:40.965875+00:00,BTC-USD,match,2026-03-21T11:41:40.902135+00:00,984891483,124587829334,70613.54,0.00021823,buy,e015677c-4e86-4e01-b938-236d753e1360,3efccc77-436c-484a-92f0-d8cec6a87436
13,2026-03-21T11:41:40.965923+00:00,SOL-USD,match,2026-03-21T11:41:40.951955+00:00,328330615,28295328167,89.97,0.12770923,buy,1583ef0b-b245-49e5-9bc0-3d3131883840,4855757e-30b3-4751-b74b-681a1fa11342
14,2026-03-21T11:41:40.965949+00:00,SOL-USD,match,2026-03-21T11:41:40.951955+00:00,328330616,28295328169,89.97,5.96283379,buy,de628648-4ddb-4bc2-87bb-daa740d7b20f,4855757e-30b3-4751-b74b-681a1fa11342
15,2026-03-21T11:41:40.965975+00:00,SOL-USD,match,2026-03-21T11:41:40.951955+00:00,328330617,28295328171,89.97,0.02145159,buy,643dc687-60f4-47a1-8c66-34bc8962bc47,4855757e-30b3-4751-b74b-681a1fa11342
16,2026-03-21T11:41:40.965998+00:00,SOL-USD,match,2026-03-21T11:41:40.951955+00:00,328330618,28295328173,89.97,0.00500166,buy,2a37b834-ee90-4aa2-a530-b0fe29cd23b5,4855757e-30b3-4751-b74b-681a1fa11342
17,2026-03-21T11:41:40.966021+00:00,SOL-USD,match,2026-03-21T11:41:40.951955+00:00,328330619,28295328175,89.97,0.00244525,buy,5daf02a6-4f54-409b-9d55-c0dda744e027,4855757e-30b3-4751-b74b-681a1fa11342
18,2026-03-21T11:41:40.966045+00:00,SOL-USD,match,2026-03-21T11:41:40.951955+00:00,328330620,28295328177,89.97,0.00122262,buy,bb2c8899-8d17-4635-a32e-930360ccfd15,4855757e-30b3-4751-b74b-681a1fa11342
19,2026-03-21T11:41:40.966087+00:00,SOL-USD,match,2026-03-21T11:41:40.951955+00:00,328330621,28295328179,89.97,0.00522396,buy,d0d4eadf-a1e8-464d-a0df-56684a6949ba,4855757e-30b3-4751-b74b-681a1fa11342
20,2026-03-21T11:41:40.966176+00:00,SOL-USD,match,2026-03-21T11:41:40.951955+00:00,328330622,28295328181,89.97,0.00266755,buy,d43263cf-3a67-40db-b39e-9aa7e9c09bd4,4855757e-30b3-4751-b74b-681a1fa11342
21,2026-03-21T11:41:40.9662+00:00,SOL-USD,match,2026-03-21T11:41:40.951955+00:00,328330623,28295328183,89.97,0.00633544,buy,85a0fe36-31ab-403b-ad98-48b18d1392b0,4855757e-30b3-4751-b74b-681a1fa11342
22,2026-03-21T11:41:40.966225+00:00,SOL-USD,match,2026-03-21T11:41:40.951955+00:00,328330624,28295328185,89.97,0.00311214,buy,aeb07f66-6fa7-45d4-98d6-ebbb3e5ec481,4855757e-30b3-4751-b74b-681a1fa11342
23,2026-03-21T11:41:40.967388+00:00,SOL-USD,match,2026-03-21T11:41:40.963325+00:00,328330625,28295328253,89.96,0.04301911,buy,482cfe95-d794-4cd9-bd0e-878b4f9e178a,d167bd2e-d316-48f1-a975-11430a97d31a
24,2026-03-21T11:41:40.967454+00:00,SOL-USD,match,2026-03-21T11:41:40.963325+00:00,328330626,28295328255,89.96,0.00500222,buy,3e517e3b-bfcf-4c65-8fe0-d4f266a7a037,d167bd2e-d316-48f1-a975-11430a97d31a
25,2026-03-21T11:41:40.967483+00:00,SOL-USD,match,2026-03-21T11:41:40.963325+00:00,328330627,28295328257,89.96,0.00244553,buy,4d35ea31-fca5-4fac-8336-4c470f99db23,d167bd2e-d316-48f1-a975-11430a97d31a
26,2026-03-21T11:41:40.994742+00:00,XRP-USD,match,2026-03-21T11:41:40.990564+00:00,222848404,19507620812,1.4417,13.731882,sell,9b14ea11-709e-44b3-8c2e-bd1342285fe9,227e2064-5322-43b5-a870-19727418400a
27,2026-03-21T11:41:41.080552+00:00,XRP-USD,match,2026-03-21T11:41:41.076342+00:00,222848405,19507620838,1.4416,13.529281,buy,4b0099bd-6fe3-4c68-b0ae-8f7f28b5e311,0a72673f-f792-4f54-92eb-ff6d3fc402b8
28,2026-03-21T11:41:41.080631+00:00,XRP-USD,match,2026-03-21T11:41:41.076342+00:00,222848406,19507620840,1.4416,0.8,buy,d1e1fc13-1f36-405f-9a5a-fe4b3b0b8f04,0a72673f-f792-4f54-92eb-ff6d3fc402b8
29,2026-03-21T11:41:41.080659+00:00,XRP-USD,match,2026-03-21T11:41:41.076342+00:00,222848407,19507620842,1.4416,193.731477,buy,64c95946-4867-4445-adda-4b31628e18e6,0a72673f-f792-4f54-92eb-ff6d3fc402b8
30,2026-03-21T11:41:41.087684+00:00,XRP-USD,match,2026-03-21T11:41:41.08285+00:00,222848408,19507620910,1.4415,0.8,buy,240899bf-2647-430f-89c6-602963401803,169f8234-1b5d-4059-b12d-75cb4f94f412
31,2026-03-21T11:41:41.087763+00:00,XRP-USD,match,2026-03-21T11:41:41.08285+00:00,222848409,19507620912,1.4415,26.248782,buy,f1b5e6da-2c11-4418-9997-4f25d58fb98f,169f8234-1b5d-4059-b12d-75cb4f94f412
32,2026-03-21T11:41:41.091486+00:00,XRP-USD,match,2026-03-21T11:41:41.087802+00:00,222848410,19507620961,1.4415,1e-06,buy,f1b5e6da-2c11-4418-9997-4f25d58fb98f,81e754eb-74c5-46e6-9437-1ecf7d53e339
33,2026-03-21T11:41:41.100919+00:00,BTC-USD,match,2026-03-21T11:41:41.096905+00:00,984891484,124587830089,70610.41,6.714e-05,sell,eea87c28-1ae7-4def-9a62-0615bb09f1df,78857c69-9889-444e-a1d0-31673910ae4d
34,2026-03-21T11:41:41.281721+00:00,BTC-USD,match,2026-03-21T11:41:41.276582+00:00,984891485,124587830340,70610.4,1.6e-05,buy,3f21fa63-3164-4092-94b1-799c9a8ab274,90d956dd-bb9f-4b71-bf51-4e5eeb14574b
35,2026-03-21T11:41:41.282331+00:00,BTC-USD,match,2026-03-21T11:41:41.276582+00:00,984891486,124587830342,70610.4,1.803e-05,buy,5a36e9a5-65f7-47bd-8946-144e25e677a6,90d956dd-bb9f-4b71-bf51-4e5eeb14574b
36,2026-03-21T11:41:41.282369+00:00,BTC-USD,match,2026-03-21T11:41:41.276582+00:00,984891487,124587830344,70610.4,0.01957181,buy,424a3b65-6789-40fe-b9f0-964bfb7d7b27,90d956dd-bb9f-4b71-bf51-4e5eeb14574b
37,2026-03-21T11:41:41.288903+00:00,BTC-USD,match,2026-03-21T11:41:41.283781+00:00,984891488,124587830410,70607.25,1.6e-05,buy,7f369246-5911-45a3-be21-2035a145eba6,426c1dd3-9d69-491b-89ee-2b7ff9adc6dd
38,2026-03-21T11:41:41.28898+00:00,BTC-USD,match,2026-03-21T11:41:41.283781+00:00,984891489,124587830412,70606.68,0.00026277,buy,89098c17-5bbc-4eef-a4a9-446aaa89d779,426c1dd3-9d69-491b-89ee-2b7ff9adc6dd
39,2026-03-21T11:41:41.289011+00:00,BTC-USD,match,2026-03-21T11:41:41.283781+00:00,984891490,124587830414,70606.68,1.67e-06,buy,1a311a62-5aac-4a34-83ec-829f622e87c9,426c1dd3-9d69-491b-89ee-2b7ff9adc6dd
40,2026-03-21T11:41:41.53871+00:00,ETH-USD,match,2026-03-21T11:41:41.405845+00:00,787781898,95523883177,2156.39,0.08795736,sell,304e1cad-f88d-43f0-9499-4f315d54d99c,a3a20803-a242-4317-8193-ecb1ef104448
41,2026-03-21T11:41:41.857429+00:00,BTC-USD,match,2026-03-21T11:41:41.839621+00:00,984891491,124587831169,70604.11,0.00099079,sell,4f89a62b-7659-41af-88bb-189db4ece723,60999810-3592-4642-abaf-a9f8b67d315e
42,2026-03-21T11:41:42.000145+00:00,BTC-USD,match,2026-03-21T11:41:41.871708+00:00,984891492,124587831201,70604.11,4.4e-07,sell,4f89a62b-7659-41af-88bb-189db4ece723,0415ea95-bb31-44d9-8573-a1f27f414a0b
43,2026-03-21T11:41:42.00021+00:00,BTC-USD,match,2026-03-21T11:41:41.960087+00:00,984891493,124587831230,70604.1,1.6e-05,buy,148128f5-0982-43d7-b26f-28ff287a945a,d8f2fe1e-0292-493d-b769-ecdf0b6dc45b
44,2026-03-21T11:41:42.00025+00:00,BTC-USD,match,2026-03-21T11:41:41.960087+00:00,984891494,124587831232,70604.1,0.00084216,buy,d25dc833-8d11-44fb-9ae7-3e363b48d075,d8f2fe1e-0292-493d-b769-ecdf0b6dc45b
45,2026-03-21T11:41:42.619409+00:00,ETH-USD,match,2026-03-21T11:41:42.615608+00:00,787781899,95523883538,2156.38,0.00166946,buy,29bd0d68-8951-4ad3-bae7-0e2ec2b8a55e,068b2d0c-7147-4254-b827-f70018cd37d9
46,2026-03-21T11:41:42.619464+00:00,ETH-USD,match,2026-03-21T11:41:42.615608+00:00,787781900,95523883540,2156.33,0.001,buy,40c48564-d02b-4dfd-890c-747e4b0b51b2,068b2d0c-7147-4254-b827-f70018cd37d9
47,2026-03-21T11:41:42.619485+00:00,ETH-USD,match,2026-03-21T11:41:42.615608+00:00,787781901,95523883542,2156.27,5e-08,buy,748e059e-a099-4796-b952-ddbde3a1f259,068b2d0c-7147-4254-b827-f70018cd37d9
48,2026-03-21T11:41:42.698007+00:00,BTC-USD,match,2026-03-21T11:41:42.693479+00:00,984891495,124587831986,70600.95,1.6e-05,buy,d4e8518c-bec8-4860-a6b4-33947d55eca0,7e748a8b-8eab-4c46-995a-d349f390dd6a
49,2026-03-21T11:41:42.698094+00:00,BTC-USD,match,2026-03-21T11:41:42.693479+00:00,984891496,124587831988,70600.95,0.00020764,buy,81c0ad5a-d265-4466-8122-3db5f57113c7,7e748a8b-8eab-4c46-995a-d349f390dd6a
50,2026-03-21T11:41:42.698126+00:00,BTC-USD,match,2026-03-21T11:41:42.693479+00:00,984891497,124587831990,70600.95,0.01640611,buy,13bb4e65-924a-4eeb-ae47-c3b1c2467786,7e748a8b-8eab-4c46-995a-d349f390dd6a
51,2026-03-21T11:41:42.863948+00:00,SOL-USD,match,2026-03-21T11:41:42.736859+00:00,328330628,28295328667,89.95,0.013,buy,ed69c5d3-f696-47e5-a546-4bb440462098,fe756fc7-ae8f-4425-9432-43631af38d6c
52,2026-03-21T11:41:42.864024+00:00,SOL-USD,match,2026-03-21T11:41:42.736859+00:00,328330629,28295328669,89.95,5.07791714,buy,22558eda-1b28-429b-bf8a-881059eaacd2,fe756fc7-ae8f-4425-9432-43631af38d6c
53,2026-03-21T11:41:42.864071+00:00,ETH-USD,match,2026-03-21T11:41:42.780427+00:00,787781902,95523883799,2156.23,0.00055535,sell,d96b7c9f-d768-4b2f-b9a0-78898c53d7dd,eb6ee28b-a34b-4898-bb51-a93322753200
54,2026-03-21T11:41:42.864092+00:00,BTC-USD,match,2026-03-21T11:41:42.798317+00:00,984891498,124587832194,70599.28,0.00013667,sell,c171f995-061d-436c-a1ba-82838370301b,b50ba2e8-9269-4625-9089-a28033cf2ee8
55,2026-03-21T11:41:42.864113+00:00,XRP-USD,match,2026-03-21T11:41:42.81597+00:00,222848411,19507621291,1.4415,65.782579,sell,b2027766-aa83-42dc-82b4-34da2a4cf967,5555196d-cb85-4a48-8df5-e0080fe084a8
56,2026-03-21T11:41:43.016382+00:00,XRP-USD,match,2026-03-21T11:41:42.883594+00:00,222848412,19507621334,1.4414,0.8,buy,ac38f6c1-9f33-484f-b0ee-01dde80711f1,5dbf9131-9c28-4443-ac04-b47147738ef1
57,2026-03-21T11:41:43.016458+00:00,XRP-USD,match,2026-03-21T11:41:42.883594+00:00,222848413,19507621336,1.4414,14.881365,buy,85fe8523-83dd-44e5-8439-fa42e900e839,5dbf9131-9c28-4443-ac04-b47147738ef1
58,2026-03-21T11:41:43.016487+00:00,XRP-USD,match,2026-03-21T11:41:42.883594+00:00,222848414,19507621338,1.4414,165.357774,buy,4bfe490f-f213-47de-9d64-4765e045a992,5dbf9131-9c28-4443-ac04-b47147738ef1
59,2026-03-21T11:41:43.019059+00:00,XRP-USD,match,2026-03-21T11:41:42.890008+00:00,222848415,19507621358,1.4414,1e-06,buy,4bfe490f-f213-47de-9d64-4765e045a992,7334de09-8d1f-471c-bf03-57bcb24a2b78
60,2026-03-21T11:41:43.029523+00:00,BTC-USD,match,2026-03-21T11:41:43.024921+00:00,984891499,124587832418,70599.28,4.4e-07,sell,c171f995-061d-436c-a1ba-82838370301b,6b108aa4-d9bf-4f5a-af31-eb3e4b0de55e
61,2026-03-21T11:41:43.180906+00:00,BTC-USD,match,2026-03-21T11:41:43.175498+00:00,984891500,124587832477,70599.28,6.715e-05,sell,c171f995-061d-436c-a1ba-82838370301b,ac690f72-cb9d-40c8-ad74-17dba5580dc0
62,2026-03-21T11:41:43.32733+00:00,ETH-USD,match,2026-03-21T11:41:43.211093+00:00,787781903,95523883933,2156.22,0.001,buy,ad8347df-6f77-4160-870a-49314b62d8d6,68f99bb5-bc5c-412b-8e72-70dcc090ef92
63,2026-03-21T11:41:43.327408+00:00,ETH-USD,match,2026-03-21T11:41:43.211093+00:00,787781904,95523883935,2156.11,0.001,buy,ab565956-b858-4523-883f-dc5ec8a01c35,68f99bb5-bc5c-412b-8e72-70dcc090ef92
64,2026-03-21T11:41:43.327439+00:00,ETH-USD,match,2026-03-21T11:41:43.211093+00:00,787781905,95523883937,2156.06,0.012,buy,58f66b05-1898-4d1f-9909-39f821aa3aeb,68f99bb5-bc5c-412b-8e72-70dcc090ef92
65,2026-03-21T11:41:43.327488+00:00,XRP-USD,match,2026-03-21T11:41:43.318827+00:00,222848416,19507621504,1.4414,1e-05,sell,57d2c3f3-4a5b-49a0-b589-07ba648a7950,a2c9095d-873d-44c1-b411-0f7e8afed898
66,2026-03-21T11:41:43.445236+00:00,BTC-USD,match,2026-03-21T11:41:43.436999+00:00,984891501,124587832558,70599.28,0.00020637,sell,c171f995-061d-436c-a1ba-82838370301b,660bb4c3-2cdb-4598-b576-a46ad855a1bb
67,2026-03-21T11:41:43.848063+00:00,ETH-USD,match,2026-03-21T11:41:43.795827+00:00,787781906,95523884121,2156.07,0.01606569,sell,f65ef4d0-ebf3-482d-89f8-ab267d5b6500,8918b885-b3f2-41fc-9a2f-e4e96b6ae97e
68,2026-03-21T11:41:44.176427+00:00,BTC-USD,match,2026-03-21T11:41:44.164025+00:00,984891502,124587832907,70599.28,4.4e-07,sell,c171f995-061d-436c-a1ba-82838370301b,ed795205-4dd6-41ab-a5db-cfa15a8e2af9
69,2026-03-21T11:41:44.213126+00:00,XRP-USD,match,2026-03-21T11:41:44.208578+00:00,222848417,19507621629,1.4414,26.955683,sell,57d2c3f3-4a5b-49a0-b589-07ba648a7950,1c7132d0-3dbf-4d9e-8376-19df4d0086df
70,2026-03-21T11:41:44.259571+00:00,BTC-USD,match,2026-03-21T11:41:44.253974+00:00,984891503,124587832958,70599.28,0.00055038,sell,c171f995-061d-436c-a1ba-82838370301b,c003b6bc-8798-4a44-a18b-f3b568b9c10a
71,2026-03-21T11:41:44.59043+00:00,BTC-USD,match,2026-03-21T11:41:44.585971+00:00,984891504,124587833095,70599.28,0.00700967,sell,c171f995-061d-436c-a1ba-82838370301b,4f5ab09e-f8f7-45d1-9456-967b916f1bf3
72,2026-03-21T11:41:45.023636+00:00,BTC-USD,match,2026-03-21T11:41:44.873534+00:00,984891505,124587833194,70599.28,0.00378508,sell,c171f995-061d-436c-a1ba-82838370301b,e2b48f43-f8e3-44f0-9f65-1d6895c30ba2
73,2026-03-21T11:41:45.023691+00:00,ETH-USD,match,2026-03-21T11:41:44.911277+00:00,787781907,95523884239,2156.07,0.00688632,sell,f65ef4d0-ebf3-482d-89f8-ab267d5b6500,2e16b442-31c0-47c3-a967-8c624f4ec1a1
74,2026-03-21T11:41:45.023718+00:00,XRP-USD,match,2026-03-21T11:41:44.990337+00:00,222848418,19507621687,1.4414,3.757889,sell,67565160-b0e3-4f12-895e-5b0f5098846a,2371ba91-5b90-441e-85b2-f91a1a98c631
75,2026-03-21T11:41:45.05873+00:00,XRP-USD,match,2026-03-21T11:41:45.054753+00:00,222848419,19507621699,1.4414,5.215622,sell,67565160-b0e3-4f12-895e-5b0f5098846a,766a4cef-c640-462f-8411-e0c97a2cf6e0
76,2026-03-21T11:41:45.347077+00:00,BTC-USD,match,2026-03-21T11:41:45.340955+00:00,984891506,124587833339,70599.28,4.4e-07,sell,c171f995-061d-436c-a1ba-82838370301b,d2c648eb-b47c-4d01-b704-d5da072bd434
77,2026-03-21T11:41:45.671501+00:00,ETH-USD,match,2026-03-21T11:41:45.667216+00:00,787781908,95523884299,2156.07,0.071254,sell,a666e9e5-8cf6-447c-a1aa-e3eb4a7a2428,b4d648d2-b763-46e2-ace7-d78cc655aa8b
78,2026-03-21T11:41:45.81947+00:00,ETH-USD,match,2026-03-21T11:41:45.77032+00:00,787781909,95523884347,2156.07,0.00999607,sell,a666e9e5-8cf6-447c-a1aa-e3eb4a7a2428,89b5d3dd-b4b4-4488-b410-7613c8cca9b2
79,2026-03-21T11:41:45.819556+00:00,ETH-USD,match,2026-03-21T11:41:45.788658+00:00,787781910,95523884356,2156.07,4.63e-06,sell,a666e9e5-8cf6-447c-a1aa-e3eb4a7a2428,c3cf07af-14d1-49a1-b16e-bfcf33b78ca0
80,2026-03-21T11:41:46.028716+00:00,XRP-USD,match,2026-03-21T11:41:46.021566+00:00,222848420,19507621811,1.4414,1e-05,sell,67565160-b0e3-4f12-895e-5b0f5098846a,741caeba-8b87-43cc-885c-6f8f00ce23bf
81,2026-03-21T11:41:46.467241+00:00,BTC-USD,match,2026-03-21T11:41:46.456995+00:00,984891507,124587834114,70599.28,4.4e-07,sell,c171f995-061d-436c-a1ba-82838370301b,82b2af1b-326c-4f29-8c74-34e4a19066b1
82,2026-03-21T11:41:47.647151+00:00,BTC-USD,match,2026-03-21T11:41:47.643565+00:00,984891508,124587834395,70599.28,4.4e-07,sell,c171f995-061d-436c-a1ba-82838370301b,f511f7c9-5df0-41ed-aa0b-65971eb1c394
83,2026-03-21T11:41:48.691426+00:00,BTC-USD,match,2026-03-21T11:41:48.68498+00:00,984891509,124587834600,70599.27,0.00036738,buy,6bac5f6f-1e94-4aed-8e17-11fc4f90ef53,45851c75-8725-494c-9494-927121202483
84,2026-03-21T11:41:48.853675+00:00,BTC-USD,match,2026-03-21T11:41:48.68498+00:00,984891510,124587834602,70599.27,0.00019794,buy,90b95aa9-ca00-4b61-8c9b-5cdaef3cc1dc,45851c75-8725-494c-9494-927121202483
85,2026-03-21T11:41:48.853816+00:00,BTC-USD,match,2026-03-21T11:41:48.68498+00:00,984891511,124587834604,70599.27,6.9e-07,buy,06383942-354d-4046-9203-14ee723d91ea,45851c75-8725-494c-9494-927121202483
86,2026-03-21T11:41:48.853851+00:00,BTC-USD,match,2026-03-21T11:41:48.68498+00:00,984891512,124587834606,70599.27,6.51e-06,buy,b74d192c-71ca-465c-bfad-a63d236d971b,45851c75-8725-494c-9494-927121202483
87,2026-03-21T11:41:48.85388+00:00,BTC-USD,match,2026-03-21T11:41:48.68498+00:00,984891513,124587834608,70599.27,0.00023512,buy,079a6706-bb57-42e5-bae3-f9a7b3a606ac,45851c75-8725-494c-9494-927121202483
88,2026-03-21T11:41:48.853901+00:00,BTC-USD,match,2026-03-21T11:41:48.68498+00:00,984891514,124587834610,70599.27,0.00025698,buy,aec8cb6a-5d34-4cb1-a55b-62c21bb22765,45851c75-8725-494c-9494-927121202483
89,2026-03-21T11:41:48.854879+00:00,ETH-USD,match,2026-03-21T11:41:48.720086+00:00,787781911,95523884648,2156.07,0.00055546,sell,a666e9e5-8cf6-447c-a1aa-e3eb4a7a2428,e887277f-c8e9-48ec-98f5-be0301e348d3
90,2026-03-21T11:41:48.855029+00:00,BTC-USD,match,2026-03-21T11:41:48.788662+00:00,984891515,124587834641,70599.28,4.4e-07,sell,c171f995-061d-436c-a1ba-82838370301b,54f85cbd-2f3a-4da4-aef0-b8454deca5af
91,2026-03-21T11:41:49.126585+00:00,SOL-USD,match,2026-03-21T11:41:49.103415+00:00,328330630,28295329203,89.94,0.013,buy,d375ae26-2fb8-461e-b58e-96a181cf7dff,ae6c3e2d-416d-481c-9f41-ecfef50f0cb9
92,2026-03-21T11:41:49.126651+00:00,SOL-USD,match,2026-03-21T11:41:49.103415+00:00,328330631,28295329205,89.94,0.57441554,buy,caed6944-380a-41fa-aa51-724eaaf30ee6,ae6c3e2d-416d-481c-9f41-ecfef50f0cb9
93,2026-03-21T11:41:49.126681+00:00,SOL-USD,match,2026-03-21T11:41:49.103415+00:00,328330632,28295329207,89.94,0.00333555,buy,ff9f89df-1bf6-4a54-aea5-0a8f72f8ff6e,ae6c3e2d-416d-481c-9f41-ecfef50f0cb9
94,2026-03-21T11:41:49.126706+00:00,SOL-USD,match,2026-03-21T11:41:49.103415+00:00,328330633,28295329209,89.94,0.04423835,buy,0b23b64d-3983-445f-a9c4-2642697eef89,ae6c3e2d-416d-481c-9f41-ecfef50f0cb9
95,2026-03-21T11:41:49.423753+00:00,XRP-USD,match,2026-03-21T11:41:49.418912+00:00,222848421,19507621967,1.4414,1e-05,sell,67565160-b0e3-4f12-895e-5b0f5098846a,07c9265c-2fac-4f36-b43f-508d80907a0c
96,2026-03-21T11:41:49.597834+00:00,XRP-USD,match,2026-03-21T11:41:49.590914+00:00,222848422,19507621977,1.4413,0.8,buy,1fad39df-ae1b-42eb-b9c5-8a2c7d5c7e75,f2530fe9-372b-4200-bcbe-1b28ca8e5440
97,2026-03-21T11:41:49.597911+00:00,XRP-USD,match,2026-03-21T11:41:49.590914+00:00,222848423,19507621979,1.4413,68.194218,buy,3678d2ea-a88c-4812-9421-6ad468c34d06,f2530fe9-372b-4200-bcbe-1b28ca8e5440
98,2026-03-21T11:41:49.598104+00:00,XRP-USD,match,2026-03-21T11:41:49.590914+00:00,222848424,19507621981,1.4412,78.169973,buy,88abe52d-4222-4654-9e8b-77c1f802d530,f2530fe9-372b-4200-bcbe-1b28ca8e5440
99,2026-03-21T11:41:49.950623+00:00,BTC-USD,match,2026-03-21T11:41:49.945342+00:00,984891516,124587835252,70599.28,4.4e-07,sell,c171f995-061d-436c-a1ba-82838370301b,a57fef00-5b4d-4a02-9363-33588c833d57
100,2026-03-21T11:41:50.139504+00:00,BTC-USD,match,2026-03-21T11:41:50.133597+00:00,984891517,124587835334,70599.27,0.01374875,buy,aec8cb6a-5d34-4cb1-a55b-62c21bb22765,2e807e2a-7a63-41ff-907c-3e21de0756a3
101,2026-03-21T11:41:50.139589+00:00,BTC-USD,match,2026-03-21T11:41:50.133597+00:00,984891518,124587835336,70599.27,1.82e-05,buy,8c1ffdda-dcfb-4c1c-a888-3d620f7245f8,2e807e2a-7a63-41ff-907c-3e21de0756a3
102,2026-03-21T11:41:50.139624+00:00,BTC-USD,match,2026-03-21T11:41:50.133597+00:00,984891519,124587835338,70599.27,0.0005517,buy,eff8dc26-3052-48aa-b89f-ee34233bdff0,2e807e2a-7a63-41ff-907c-3e21de0756a3
103,2026-03-21T11:41:50.139655+00:00,BTC-USD,match,2026-03-21T11:41:50.133597+00:00,984891520,124587835340,70599.27,8.49e-06,buy,432f59b5-f6ad-419b-a200-fb5fc3df7812,2e807e2a-7a63-41ff-907c-3e21de0756a3
104,2026-03-21T11:41:50.14844+00:00,SOL-USD,match,2026-03-21T11:41:50.143336+00:00,328330634,28295329315,89.94,4.28304682,buy,0b23b64d-3983-445f-a9c4-2642697eef89,aaf4ebf7-85c6-47d9-b76c-651c3a0da84f
105,2026-03-21T11:41:50.148553+00:00,SOL-USD,match,2026-03-21T11:41:50.143336+00:00,328330635,28295329317,89.94,0.01000667,buy,e52344f8-4623-49e8-ad8b-f2029cbfb7db,aaf4ebf7-85c6-47d9-b76c-651c3a0da84f
106,2026-03-21T11:41:50.148579+00:00,SOL-USD,match,2026-03-21T11:41:50.143336+00:00,328330636,28295329319,89.94,0.00500333,buy,a0bed4f3-86ea-45e5-a52e-a08a3086ff69,aaf4ebf7-85c6-47d9-b76c-651c3a0da84f
107,2026-03-21T11:41:50.148598+00:00,SOL-USD,match,2026-03-21T11:41:50.143336+00:00,328330637,28295329321,89.94,0.57441554,buy,d9f90d29-aae5-48e3-9915-26f698cf0792,aaf4ebf7-85c6-47d9-b76c-651c3a0da84f
108,2026-03-21T11:41:50.593705+00:00,SOL-USD,match,2026-03-21T11:41:50.589893+00:00,328330638,28295329584,89.94,0.05270171,sell,506b6b7b-a9d1-4b38-b756-3da26f5ff6af,d405c215-f14d-49f3-93ed-f331d0039ffa
109,2026-03-21T11:41:51.133969+00:00,BTC-USD,match,2026-03-21T11:41:51.099857+00:00,984891521,124587835972,70597.81,4.4e-07,sell,bdf56f0c-84d1-47ce-acf3-992886134d08,9cd3ad69-b132-42ce-ad6c-03d1005c29f3
110,2026-03-21T11:41:52.132669+00:00,ETH-USD,match,2026-03-21T11:41:52.12469+00:00,787781912,95523885469,2156.07,0.00075622,sell,a666e9e5-8cf6-447c-a1aa-e3eb4a7a2428,cfbebcd8-704d-40ed-ba51-5724a239615c
111,2026-03-21T11:41:52.15574+00:00,ETH-USD,match,2026-03-21T11:41:52.151233+00:00,787781913,95523885480,2156.06,0.03349498,buy,5839b794-1a88-4053-aba6-a30c30c14cc2,eb79adf3-92f2-463f-a4e3-6884eb73317d
112,2026-03-21T11:41:52.155817+00:00,ETH-USD,match,2026-03-21T11:41:52.151233+00:00,787781914,95523885482,2156.06,0.00249993,buy,a7e56de0-e749-4ceb-8f46-52d0c245d919,eb79adf3-92f2-463f-a4e3-6884eb73317d
113,2026-03-21T11:41:52.155912+00:00,ETH-USD,match,2026-03-21T11:41:52.151233+00:00,787781915,95523885484,2156.06,5e-08,buy,39a5e748-9013-4e3c-8fdc-6eef43d2b2b8,eb79adf3-92f2-463f-a4e3-6884eb73317d
114,2026-03-21T11:41:52.155941+00:00,ETH-USD,match,2026-03-21T11:41:52.151233+00:00,787781916,95523885486,2156.06,0.00059807,buy,113cf2ae-9e73-4581-a749-30f8f7aa795c,eb79adf3-92f2-463f-a4e3-6884eb73317d
115,2026-03-21T11:41:52.286129+00:00,BTC-USD,match,2026-03-21T11:41:52.281075+00:00,984891522,124587836495,70597.81,4.4e-07,sell,bdf56f0c-84d1-47ce-acf3-992886134d08,c695d312-6f6b-4244-ba28-95826d095e67
116,2026-03-21T11:41:52.680808+00:00,XRP-USD,match,2026-03-21T11:41:52.667029+00:00,222848425,19507622176,1.4414,1e-05,sell,67565160-b0e3-4f12-895e-5b0f5098846a,e4a1debf-080d-4ba1-9428-ceee8ef77450
117,2026-03-21T11:41:53.450962+00:00,BTC-USD,match,2026-03-21T11:41:53.445126+00:00,984891523,124587836780,70597.81,4.4e-07,sell,bdf56f0c-84d1-47ce-acf3-992886134d08,4aab2d13-085f-47c1-8ee0-3f53769587f1
118,2026-03-21T11:41:54.136831+00:00,ETH-USD,match,2026-03-21T11:41:54.027513+00:00,787781917,95523886100,2156.0,0.001,buy,7005d9e5-7902-40e8-ac88-7a65f0e42aea,eeff59b6-4d6c-4529-bb88-25a588cf2362
119,2026-03-21T11:41:54.276685+00:00,ETH-USD,match,2026-03-21T11:41:54.027513+00:00,787781918,95523886102,2156.0,0.00083487,buy,ee519a29-b909-4010-8ea1-9992508c67bf,eeff59b6-4d6c-4529-bb88-25a588cf2362
120,2026-03-21T11:41:54.276759+00:00,ETH-USD,match,2026-03-21T11:41:54.027513+00:00,787781919,95523886104,2156.0,5e-08,buy,fe524398-88dd-4990-a373-8e29ab928c97,eeff59b6-4d6c-4529-bb88-25a588cf2362
121,2026-03-21T11:41:54.276785+00:00,ETH-USD,match,2026-03-21T11:41:54.027513+00:00,787781920,95523886106,2155.98,5e-08,buy,08acdc84-e7d8-479d-b931-df26512dd374,eeff59b6-4d6c-4529-bb88-25a588cf2362
122,2026-03-21T11:41:54.276807+00:00,ETH-USD,match,2026-03-21T11:41:54.027513+00:00,787781921,95523886108,2155.95,5e-08,buy,59054085-34c2-4701-91a2-f9a64834ac89,eeff59b6-4d6c-4529-bb88-25a588cf2362
123,2026-03-21T11:41:54.347674+00:00,BTC-USD,match,2026-03-21T11:41:54.342211+00:00,984891524,124587836965,70597.81,0.00550591,sell,bdf56f0c-84d1-47ce-acf3-992886134d08,40854b33-9962-496c-b9dd-22f5710f8e9b
124,2026-03-21T11:41:54.601433+00:00,BTC-USD,match,2026-03-21T11:41:54.596316+00:00,984891525,124587837061,70597.81,4.4e-07,sell,bdf56f0c-84d1-47ce-acf3-992886134d08,70f88749-cc54-4ad2-9d1e-7659bbc94935
125,2026-03-21T11:41:54.667766+00:00,BTC-USD,match,2026-03-21T11:41:54.658101+00:00,984891526,124587837084,70597.81,0.00014018,sell,bdf56f0c-84d1-47ce-acf3-992886134d08,a592944b-1bd3-4018-adf0-d59229482bd3
126,2026-03-21T11:41:54.826372+00:00,ETH-USD,match,2026-03-21T11:41:54.765231+00:00,787781922,95523886555,2155.9,0.00055546,sell,e8efccae-dd3a-40ab-b0f1-82fa7ec271f6,8b7b252b-3b3c-48e0-8ca5-ce9d77380fa2
127,2026-03-21T11:41:55.142745+00:00,XRP-USD,match,2026-03-21T11:41:55.138267+00:00,222848426,19507622323,1.4414,1e-05,sell,67565160-b0e3-4f12-895e-5b0f5098846a,dbfb82e8-e645-461c-af0a-3f08c9e0db8c
128,2026-03-21T11:41:55.466699+00:00,BTC-USD,match,2026-03-21T11:41:55.462187+00:00,984891527,124587837379,70597.81,0.007343,sell,32beaaee-62a0-4a0c-bfe3-396c4c40a23d,fdf9f263-95e8-46e9-bd41-fbc903dfd4f7
129,2026-03-21T11:41:55.498077+00:00,ETH-USD,match,2026-03-21T11:41:55.492199+00:00,787781923,95523886725,2155.94,0.134376,sell,52709f32-0ddc-46ec-857d-344051857722,9a2364ba-7a0d-4216-b43e-0f4d0a745458
130,2026-03-21T11:41:55.52422+00:00,BTC-USD,match,2026-03-21T11:41:55.513702+00:00,984891528,124587837503,70597.81,0.00089679,sell,32beaaee-62a0-4a0c-bfe3-396c4c40a23d,24a5a567-a386-45c7-a357-367f36a61cce
131,2026-03-21T11:41:55.86656+00:00,BTC-USD,match,2026-03-21T11:41:55.770313+00:00,984891529,124587837636,70597.81,4.4e-07,sell,32beaaee-62a0-4a0c-bfe3-396c4c40a23d,aedd6a58-51e1-461f-ad9a-97d77264fe23
132,2026-03-21T11:41:56.234262+00:00,ETH-USD,match,2026-03-21T11:41:56.229777+00:00,787781924,95523886912,2155.94,0.01607091,sell,0265e7e3-45dd-41d9-9060-edb162bd68a1,f9eb4658-e4e4-4d24-9cd5-98d24148806d
133,2026-03-21T11:41:56.932272+00:00,BTC-USD,match,2026-03-21T11:41:56.912075+00:00,984891530,124587837850,70597.81,4.4e-07,sell,32beaaee-62a0-4a0c-bfe3-396c4c40a23d,36d19a8b-07ac-47dc-9aa3-7139ea65cdf1
134,2026-03-21T11:41:58.141259+00:00,XRP-USD,match,2026-03-21T11:41:58.048738+00:00,222848427,19507622521,1.4414,1e-05,sell,67565160-b0e3-4f12-895e-5b0f5098846a,be1d2988-cd6d-4555-9c67-f17d65fe2309
135,2026-03-21T11:41:58.141337+00:00,BTC-USD,match,2026-03-21T11:41:58.064094+00:00,984891531,124587838100,70597.81,4.4e-07,sell,32beaaee-62a0-4a0c-bfe3-396c4c40a23d,1d14e8da-6542-46a8-8500-eb5e3fe18796
136,2026-03-21T11:41:58.339536+00:00,BTC-USD,match,2026-03-21T11:41:58.33287+00:00,984891532,124587838137,70597.8,1.6e-05,buy,615f83fa-306d-4d2a-9d9f-086b35d97209,0e2ed985-5f6d-43ca-a465-6805d2b181c3
137,2026-03-21T11:41:58.339614+00:00,BTC-USD,match,2026-03-21T11:41:58.33287+00:00,984891533,124587838139,70597.8,1.834e-05,buy,7d7eeb75-3a40-4603-9869-35d3382b53e4,0e2ed985-5f6d-43ca-a465-6805d2b181c3
138,2026-03-21T11:41:58.339646+00:00,BTC-USD,match,2026-03-21T11:41:58.33287+00:00,984891534,124587838141,70597.8,0.00060185,buy,a46294ce-2a62-46f1-b209-a23c324fd7e4,0e2ed985-5f6d-43ca-a465-6805d2b181c3
139,2026-03-21T11:41:58.647089+00:00,BTC-USD,match,2026-03-21T11:41:58.636462+00:00,984891535,124587838217,70597.81,0.00845564,sell,32beaaee-62a0-4a0c-bfe3-396c4c40a23d,1a58e757-a4ab-4f82-b7ba-6009850c42ff
140,2026-03-21T11:41:59.259025+00:00,BTC-USD,match,2026-03-21T11:41:59.249609+00:00,984891536,124587838354,70597.81,4.4e-07,sell,32beaaee-62a0-4a0c-bfe3-396c4c40a23d,c80ae56c-4aa4-4eb3-aa25-7bf21a3103fb
141,2026-03-21T11:41:59.404798+00:00,BTC-USD,match,2026-03-21T11:41:59.397956+00:00,984891537,124587838408,70597.81,0.00035058,sell,32beaaee-62a0-4a0c-bfe3-396c4c40a23d,ef50712f-93c9-40fe-ab00-2b91b4468aa8
142,2026-03-21T11:41:59.962228+00:00,BTC-USD,match,2026-03-21T11:41:59.895809+00:00,984891538,124587838830,70597.8,2.2e-07,buy,a46294ce-2a62-46f1-b209-a23c324fd7e4,48ab2991-f073-468b-a51d-e89f36834769
143,2026-03-21T11:42:00.413637+00:00,BTC-USD,match,2026-03-21T11:42:00.406583+00:00,984891539,124587838985,70597.81,4.4e-07,sell,e8816293-411b-4641-b1c3-4b3bb1e92fc0,f693e5f3-1f6d-4524-8a1f-16f0b16f683d
144,2026-03-21T11:42:00.892284+00:00,ETH-USD,match,2026-03-21T11:42:00.780192+00:00,787781925,95523887294,2155.94,0.00055551,sell,0265e7e3-45dd-41d9-9060-edb162bd68a1,76cecd0a-00e5-44ba-bea0-be7d8f3fa108
145,2026-03-21T11:42:01.018731+00:00,XRP-USD,match,2026-03-21T11:42:01.002684+00:00,222848428,19507622737,1.4413,1e-05,sell,429e488b-d17a-4c99-a790-7f1061dbcb19,f5c0b7b6-500c-4ad4-a08d-d8a2f125c8cf
146,2026-03-21T11:42:01.247069+00:00,SOL-USD,match,2026-03-21T11:42:01.16266+00:00,328330639,28295330526,89.93,0.013,buy,1519aaf1-13aa-4eda-8890-0ba25b62a4ad,00c91556-59a0-459b-880f-07b42353bb6d
147,2026-03-21T11:42:01.247147+00:00,SOL-USD,match,2026-03-21T11:42:01.16266+00:00,328330640,28295330528,89.93,3.54764341,buy,1184fbfb-130d-4d1a-b59e-ffa8ee55a81a,00c91556-59a0-459b-880f-07b42353bb6d
148,2026-03-21T11:42:01.24718+00:00,SOL-USD,match,2026-03-21T11:42:01.16266+00:00,328330641,28295330530,89.93,0.00500389,buy,b6883424-339f-48a0-bc36-f4385479243f,00c91556-59a0-459b-880f-07b42353bb6d
149,2026-03-21T11:42:01.247208+00:00,SOL-USD,match,2026-03-21T11:42:01.16266+00:00,328330642,28295330532,89.93,0.57441554,buy,4928cb57-fd8a-422b-b209-4d004dfbb043,00c91556-59a0-459b-880f-07b42353bb6d
150,2026-03-21T11:42:01.247231+00:00,SOL-USD,match,2026-03-21T11:42:01.16266+00:00,328330643,28295330534,89.93,0.01000778,buy,65704775-ec11-4513-83ce-f12dac9d39bd,00c91556-59a0-459b-880f-07b42353bb6d
151,2026-03-21T11:42:01.247255+00:00,SOL-USD,match,2026-03-21T11:42:01.16266+00:00,328330644,28295330536,89.93,0.00500389,buy,c44a5532-a6d6-4fd9-990f-f03277324de7,00c91556-59a0-459b-880f-07b42353bb6d
152,2026-03-21T11:42:01.247278+00:00,SOL-USD,match,2026-03-21T11:42:01.16266+00:00,328330645,28295330538,89.93,0.00244634,buy,58d2dcb1-627d-47bc-a14d-6ddd07e87170,00c91556-59a0-459b-880f-07b42353bb6d
153,2026-03-21T11:42:01.247299+00:00,SOL-USD,match,2026-03-21T11:42:01.16266+00:00,328330646,28295330540,89.93,0.00122317,buy,41ef4e2b-6e21-4f0d-b000-ea7ff5d5709e,00c91556-59a0-459b-880f-07b42353bb6d
154,2026-03-21T11:42:01.24732+00:00,SOL-USD,match,2026-03-21T11:42:01.16266+00:00,328330647,28295330542,89.92,0.013,buy,9ec168ae-6e4d-4441-95d3-977403d0ffdc,00c91556-59a0-459b-880f-07b42353bb6d
155,2026-03-21T11:42:01.247341+00:00,SOL-USD,match,2026-03-21T11:42:01.16266+00:00,328330648,28295330544,89.91,0.013,buy,c3e64720-a869-4173-947d-db5439eacfae,00c91556-59a0-459b-880f-07b42353bb6d
156,2026-03-21T11:42:01.247361+00:00,SOL-USD,match,2026-03-21T11:42:01.16266+00:00,328330649,28295330546,89.91,3.30820937,buy,a464ef75-1df9-4d8c-99a6-45120bfce703,00c91556-59a0-459b-880f-07b42353bb6d
157,2026-03-21T11:42:01.691207+00:00,BTC-USD,match,2026-03-21T11:42:01.6862+00:00,984891540,124587839327,70597.81,4.4e-07,sell,e8816293-411b-4641-b1c3-4b3bb1e92fc0,d3d86a4f-bff4-4dd0-a67b-dcbece3d38a4
158,2026-03-21T11:42:01.701267+00:00,BTC-USD,match,2026-03-21T11:42:01.695282+00:00,984891541,124587839330,70597.81,0.00537407,sell,e8816293-411b-4641-b1c3-4b3bb1e92fc0,7fb42c41-8c08-453a-8326-c10b05b33122
159,2026-03-21T11:42:02.56483+00:00,ETH-USD,match,2026-03-21T11:42:02.559292+00:00,787781926,95523887424,2155.94,0.05499337,sell,0265e7e3-45dd-41d9-9060-edb162bd68a1,27599165-c41c-468e-a3cb-10568731622c
160,2026-03-21T11:42:02.954295+00:00,BTC-USD,match,2026-03-21T11:42:02.901067+00:00,984891542,124587839579,70597.81,4.4e-07,sell,e8816293-411b-4641-b1c3-4b3bb1e92fc0,2511f5a9-f868-44f3-8915-9afd093dfc24
161,2026-03-21T11:42:03.242066+00:00,XRP-USD,match,2026-03-21T11:42:03.133895+00:00,222848429,19507622819,1.4413,6.696614,sell,429e488b-d17a-4c99-a790-7f1061dbcb19,bb397b69-9087-420f-aac9-cb4b536430ce
162,2026-03-21T11:42:03.247629+00:00,XRP-USD,match,2026-03-21T11:42:03.243911+00:00,222848430,19507622828,1.4413,125.539312,sell,429e488b-d17a-4c99-a790-7f1061dbcb19,5aa37022-73ee-44db-94fa-6495e69b9829
163,2026-03-21T11:42:03.96533+00:00,XRP-USD,match,2026-03-21T11:42:03.876012+00:00,222848431,19507622849,1.4413,1e-05,sell,429e488b-d17a-4c99-a790-7f1061dbcb19,56697013-c6e3-4875-963d-107dc0f8ee44
164,2026-03-21T11:42:04.249864+00:00,BTC-USD,match,2026-03-21T11:42:04.123161+00:00,984891543,124587839801,70597.81,4.4e-07,sell,e8816293-411b-4641-b1c3-4b3bb1e92fc0,fd8f2f09-88f6-4dcb-98e2-e19d8c078947
165,2026-03-21T11:42:05.322311+00:00,BTC-USD,match,2026-03-21T11:42:05.316826+00:00,984891544,124587840001,70597.81,4.4e-07,sell,e8816293-411b-4641-b1c3-4b3bb1e92fc0,6bebd005-92d0-4926-8c54-c43803b8c94a
166,2026-03-21T11:42:06.468703+00:00,BTC-USD,match,2026-03-21T11:42:06.463624+00:00,984891545,124587840210,70597.81,4.4e-07,sell,e8816293-411b-4641-b1c3-4b3bb1e92fc0,9d9489c0-cec0-4d34-90b2-eb24f81a0d99
167,2026-03-21T11:42:06.587864+00:00,BTC-USD,match,2026-03-21T11:42:06.582693+00:00,984891546,124587840266,70597.81,0.00013434,sell,e8816293-411b-4641-b1c3-4b3bb1e92fc0,b3cfeacc-7b44-4407-85ba-62c371383949
168,2026-03-21T11:42:06.818424+00:00,ETH-USD,match,2026-03-21T11:42:06.813015+00:00,787781927,95523887631,2155.94,0.00055548,sell,0265e7e3-45dd-41d9-9060-edb162bd68a1,3539eac0-29e9-4aed-a600-cf4bf6fe75ed
169,2026-03-21T11:42:06.83245+00:00,XRP-USD,match,2026-03-21T11:42:06.828058+00:00,222848432,19507622951,1.4413,1e-05,sell,429e488b-d17a-4c99-a790-7f1061dbcb19,544881d8-0ebc-487c-b8f5-12378c4ab45e
170,2026-03-21T11:42:07.302758+00:00,XRP-USD,match,2026-03-21T11:42:07.298727+00:00,222848433,19507622982,1.4413,0.1,sell,429e488b-d17a-4c99-a790-7f1061dbcb19,59cb5cef-278b-4da8-895e-ebe21321e2d7
171,2026-03-21T11:42:07.526852+00:00,ETH-USD,match,2026-03-21T11:42:07.518132+00:00,787781928,95523887802,2155.94,5e-08,sell,d487b54f-6d97-442e-b0cc-e86e8fc0d2ad,8e30602b-4d1f-4614-9206-2054bf564df9
172,2026-03-21T11:42:07.527254+00:00,ETH-USD,match,2026-03-21T11:42:07.518132+00:00,787781929,95523887804,2155.94,0.06951895,sell,afbe2bbe-adec-467e-866a-96a8b5da280a,8e30602b-4d1f-4614-9206-2054bf564df9
173,2026-03-21T11:42:07.552823+00:00,ETH-USD,match,2026-03-21T11:42:07.547372+00:00,787781930,95523887825,2155.94,0.010788,sell,afbe2bbe-adec-467e-866a-96a8b5da280a,c33c0343-824b-4794-9de0-8fb481c5f962
174,2026-03-21T11:42:07.607515+00:00,BTC-USD,match,2026-03-21T11:42:07.602348+00:00,984891547,124587840734,70597.81,2.2e-07,sell,922b5d81-ab07-461e-b77d-bcb014cb0034,ab70d0f8-7cd8-46be-b42a-390d407d039d
175,2026-03-21T11:42:07.780115+00:00,BTC-USD,match,2026-03-21T11:42:07.774264+00:00,984891548,124587840815,70597.81,2.2e-07,sell,922b5d81-ab07-461e-b77d-bcb014cb0034,ee4f1609-a2d8-43fd-84fb-686da2d0bf82
176,2026-03-21T11:42:08.091552+00:00,BTC-USD,match,2026-03-21T11:42:08.020254+00:00,984891549,124587840922,70597.81,0.00033585,sell,922b5d81-ab07-461e-b77d-bcb014cb0034,de148bb1-dee5-4e82-b8cb-35f1c6c6287b
177,2026-03-21T11:42:08.547206+00:00,BTC-USD,match,2026-03-21T11:42:08.536176+00:00,984891550,124587841178,70597.81,0.00207766,sell,922b5d81-ab07-461e-b77d-bcb014cb0034,5906a878-2cf7-43fb-bac2-e1e314cd81bb
178,2026-03-21T11:42:08.655002+00:00,ETH-USD,match,2026-03-21T11:42:08.649301+00:00,787781931,95523888015,2155.94,0.01147991,sell,afbe2bbe-adec-467e-866a-96a8b5da280a,1c64ddec-d0a5-47fa-881f-5d2403500b5f
179,2026-03-21T11:42:08.803354+00:00,BTC-USD,match,2026-03-21T11:42:08.798692+00:00,984891551,124587841260,70597.81,4.4e-07,sell,922b5d81-ab07-461e-b77d-bcb014cb0034,19d7a62d-e71b-41b4-8701-143d12e9a5a0
180,2026-03-21T11:42:09.941478+00:00,BTC-USD,match,2026-03-21T11:42:09.936323+00:00,984891552,124587841688,70597.81,4.4e-07,sell,922b5d81-ab07-461e-b77d-bcb014cb0034,bf6edf80-5ce6-4763-81c6-43074877125a
181,2026-03-21T11:42:10.290419+00:00,XRP-USD,match,2026-03-21T11:42:10.285544+00:00,222848434,19507623074,1.4413,3.4344,sell,34756910-b769-444e-8a8d-7b6ce75fb2ca,1e724129-2b21-4c8e-97e0-118c7ca1acfb
182,2026-03-21T11:42:10.333458+00:00,XRP-USD,match,2026-03-21T11:42:10.327413+00:00,222848435,19507623077,1.4413,64.759818,sell,34756910-b769-444e-8a8d-7b6ce75fb2ca,ec447415-657f-41cd-a318-f7c5e9e68cc9
183,2026-03-21T11:42:10.376469+00:00,BTC-USD,match,2026-03-21T11:42:10.370485+00:00,984891553,124587841777,70597.81,4.5e-05,sell,922b5d81-ab07-461e-b77d-bcb014cb0034,0e9ba87f-aa53-4446-9ca0-8f09f5349761
184,2026-03-21T11:42:10.534326+00:00,XRP-USD,match,2026-03-21T11:42:10.529108+00:00,222848436,19507623107,1.4413,13.483452,sell,dd012dce-dba8-4f73-9a62-f598ae3c5191,78b580a8-1ca2-4aff-b282-4558b21c31d9
185,2026-03-21T11:42:10.660163+00:00,XRP-USD,match,2026-03-21T11:42:10.650929+00:00,222848437,19507623110,1.4413,1e-05,sell,dd012dce-dba8-4f73-9a62-f598ae3c5191,775d9e60-c311-4c5f-a1df-64b208aea2da
186,2026-03-21T11:42:10.679297+00:00,BTC-USD,match,2026-03-21T11:42:10.672372+00:00,984891554,124587841954,70597.81,0.00070115,sell,922b5d81-ab07-461e-b77d-bcb014cb0034,8a782dd2-c0f5-451b-a013-f56682d1fe1c
187,2026-03-21T11:42:10.916155+00:00,SOL-USD,match,2026-03-21T11:42:10.908978+00:00,328330650,28295331347,89.93,0.51556,sell,0b48a1ac-53b7-4a64-828a-0ce7639adc26,deb1bb05-5632-436d-8046-f52e93afdd03
188,2026-03-21T11:42:10.916228+00:00,SOL-USD,match,2026-03-21T11:42:10.908978+00:00,328330651,28295331349,89.93,0.57441554,sell,7ed355f2-f46b-4579-9054-fb1b94723da9,deb1bb05-5632-436d-8046-f52e93afdd03
189,2026-03-21T11:42:10.917009+00:00,SOL-USD,match,2026-03-21T11:42:10.908978+00:00,328330652,28295331351,89.93,0.32002446,sell,c6f03354-bb9e-4a15-b9cc-90d834250760,deb1bb05-5632-436d-8046-f52e93afdd03
190,2026-03-21T11:42:11.047431+00:00,BTC-USD,match,2026-03-21T11:42:11.021146+00:00,984891555,124587842057,70597.81,0.000521,sell,922b5d81-ab07-461e-b77d-bcb014cb0034,e896499a-fa99-4de4-9f8c-0a7202d22593
191,2026-03-21T11:42:11.256165+00:00,BTC-USD,match,2026-03-21T11:42:11.210224+00:00,984891556,124587842103,70597.81,4.4e-07,sell,922b5d81-ab07-461e-b77d-bcb014cb0034,b09564a8-217e-441b-9136-2a120bcf38c5
192,2026-03-21T11:42:11.346957+00:00,SOL-USD,match,2026-03-21T11:42:11.343167+00:00,328330653,28295331364,89.93,2.20171244,sell,c6f03354-bb9e-4a15-b9cc-90d834250760,f5531fb6-5e59-471e-90e3-db78ab8ba9ff
193,2026-03-21T11:42:11.951432+00:00,XRP-USD,match,2026-03-21T11:42:11.941776+00:00,222848438,19507623288,1.4413,22.352802,sell,dd012dce-dba8-4f73-9a62-f598ae3c5191,813c4f46-3f8a-4bec-9f94-c52d7fa5402a
194,2026-03-21T11:42:12.354704+00:00,BTC-USD,match,2026-03-21T11:42:12.348411+00:00,984891557,124587842435,70597.81,4.4e-07,sell,922b5d81-ab07-461e-b77d-bcb014cb0034,3af3414e-d697-4ba4-8ebe-b9ccd63c0fd4
195,2026-03-21T11:42:12.824951+00:00,ETH-USD,match,2026-03-21T11:42:12.81561+00:00,787781932,95523888184,2155.94,0.00055548,sell,0750c934-3207-4149-88eb-b71d175f1e38,116a61f0-e480-4b5f-bff5-e958be1ed609
196,2026-03-21T11:42:13.066584+00:00,BTC-USD,match,2026-03-21T11:42:13.017508+00:00,984891558,124587842664,70597.81,0.000168,sell,922b5d81-ab07-461e-b77d-bcb014cb0034,5079fd8e-b529-498d-9309-f86c381998ae
197,2026-03-21T11:42:13.448645+00:00,XRP-USD,match,2026-03-21T11:42:13.443366+00:00,222848439,19507623385,1.4413,1e-05,sell,dd012dce-dba8-4f73-9a62-f598ae3c5191,630c99ca-b9e8-488a-aeea-06d628894ec4
198,2026-03-21T11:42:13.480892+00:00,BTC-USD,match,2026-03-21T11:42:13.474723+00:00,984891559,124587842712,70597.81,0.00227118,sell,922b5d81-ab07-461e-b77d-bcb014cb0034,7be1a2df-381e-4040-9ffe-fa7a91d103fc
199,2026-03-21T11:42:13.531712+00:00,BTC-USD,match,2026-03-21T11:42:13.52729+00:00,984891560,124587842744,70597.81,4.4e-07,sell,922b5d81-ab07-461e-b77d-bcb014cb0034,a043fb18-eaf5-4405-a08f-09f27490b38c
200,2026-03-21T11:42:13.578609+00:00,BTC-USD,match,2026-03-21T11:42:13.573435+00:00,984891561,124587842750,70597.81,0.00165178,sell,922b5d81-ab07-461e-b77d-bcb014cb0034,fff4ab2e-b1c4-4e6d-aeb1-5524f0a055e4
201,2026-03-21T11:42:13.583481+00:00,BTC-USD,match,2026-03-21T11:42:13.578029+00:00,984891562,124587842756,70597.81,0.000134,sell,922b5d81-ab07-461e-b77d-bcb014cb0034,233d6964-7a78-438b-834b-699d8875ced0
202,2026-03-21T11:42:13.645005+00:00,BTC-USD,match,2026-03-21T11:42:13.641333+00:00,984891563,124587842775,70597.8,0.00068538,buy,a46294ce-2a62-46f1-b209-a23c324fd7e4,cf71f397-3f78-40d7-8489-2142b1a60477
203,2026-03-21T11:42:14.147417+00:00,BTC-USD,match,2026-03-21T11:42:14.052932+00:00,984891564,124587842855,70597.81,0.000241,sell,922b5d81-ab07-461e-b77d-bcb014cb0034,8ccb0d74-6248-4edf-8228-d7d2e57ab334
204,2026-03-21T11:42:14.5312+00:00,BTC-USD,match,2026-03-21T11:42:14.527153+00:00,984891565,124587842924,70597.81,0.000241,sell,922b5d81-ab07-461e-b77d-bcb014cb0034,349f53b4-5330-4e6d-8bfa-e9816b82728c
205,2026-03-21T11:42:14.703061+00:00,BTC-USD,match,2026-03-21T11:42:14.696313+00:00,984891566,124587842949,70597.81,4.4e-07,sell,922b5d81-ab07-461e-b77d-bcb014cb0034,54cba48a-43db-4623-986f-e310b60de324
206,2026-03-21T11:42:14.762715+00:00,BTC-USD,match,2026-03-21T11:42:14.756924+00:00,984891567,124587842952,70597.8,0.00032748,buy,a46294ce-2a62-46f1-b209-a23c324fd7e4,1a3ae115-ffd0-4a74-aeef-47a1cee017fb
207,2026-03-21T11:42:15.069864+00:00,BTC-USD,match,2026-03-21T11:42:15.03095+00:00,984891568,124587843016,70597.81,0.000173,sell,922b5d81-ab07-461e-b77d-bcb014cb0034,61cd256e-87a8-4481-add6-09df3f21d507
208,2026-03-21T11:42:15.507455+00:00,BTC-USD,match,2026-03-21T11:42:15.502953+00:00,984891569,124587843103,70597.81,0.00012,sell,922b5d81-ab07-461e-b77d-bcb014cb0034,76077801-676e-4ee8-8e5b-15428c537973
209,2026-03-21T11:42:15.596262+00:00,BTC-USD,match,2026-03-21T11:42:15.58769+00:00,984891570,124587843115,70597.81,0.00330302,sell,922b5d81-ab07-461e-b77d-bcb014cb0034,2f3aa911-02d4-40a6-8118-aa73ff0470df
210,2026-03-21T11:42:15.883966+00:00,BTC-USD,match,2026-03-21T11:42:15.877548+00:00,984891571,124587843192,70597.81,4.4e-07,sell,922b5d81-ab07-461e-b77d-bcb014cb0034,d956b554-a9b2-4fcb-847c-df00ad47a9d5
211,2026-03-21T11:42:16.019493+00:00,XRP-USD,match,2026-03-21T11:42:15.94869+00:00,222848440,19507623475,1.4413,32.357944,sell,dd012dce-dba8-4f73-9a62-f598ae3c5191,274ecb5f-a168-48ef-b9e5-4e1a1574d8ef
212,2026-03-21T11:42:16.019575+00:00,XRP-USD,match,2026-03-21T11:42:15.94869+00:00,222848441,19507623477,1.4413,34.642056,sell,97d33b53-fd5f-414c-8472-3c3275211840,274ecb5f-a168-48ef-b9e5-4e1a1574d8ef
213,2026-03-21T11:42:16.140438+00:00,XRP-USD,match,2026-03-21T11:42:16.012924+00:00,222848442,19507623484,1.4413,1e-05,sell,97d33b53-fd5f-414c-8472-3c3275211840,5874d93e-5dee-4d22-9e21-1e724f6ca639
214,2026-03-21T11:42:16.140555+00:00,BTC-USD,match,2026-03-21T11:42:16.054783+00:00,984891572,124587843237,70597.81,0.000131,sell,922b5d81-ab07-461e-b77d-bcb014cb0034,7ae11650-62b9-4a7c-912e-c4a8a82e7ae1
215,2026-03-21T11:42:16.730562+00:00,XRP-USD,match,2026-03-21T11:42:16.693649+00:00,222848443,19507623514,1.4413,10.303199,sell,97d33b53-fd5f-414c-8472-3c3275211840,d61499b3-1251-41e7-953a-131d0fac03cd
216,2026-03-21T11:42:17.075429+00:00,BTC-USD,match,2026-03-21T11:42:17.019059+00:00,984891573,124587843440,70597.81,4.4e-07,sell,922b5d81-ab07-461e-b77d-bcb014cb0034,008edb79-03d3-4bac-963f-a04791057e3a
217,2026-03-21T11:42:17.07763+00:00,BTC-USD,match,2026-03-21T11:42:17.072981+00:00,984891574,124587843445,70597.81,0.000293,sell,922b5d81-ab07-461e-b77d-bcb014cb0034,72ac2ae7-e134-4087-91c5-c10ce3a6793d
218,2026-03-21T11:42:17.762903+00:00,ETH-USD,match,2026-03-21T11:42:17.754973+00:00,787781933,95523888358,2155.93,0.02107484,buy,1f856884-1ef6-436c-a5a5-ad7fa3d4e3bc,e5293325-a285-43e6-b3f3-3000180b2596
219,2026-03-21T11:42:18.282051+00:00,BTC-USD,match,2026-03-21T11:42:18.193962+00:00,984891575,124587843692,70597.81,4.4e-07,sell,922b5d81-ab07-461e-b77d-bcb014cb0034,e2f4c514-cc9c-4af8-a691-6ce40e1639ee
220,2026-03-21T11:42:18.807056+00:00,ETH-USD,match,2026-03-21T11:42:18.80302+00:00,787781934,95523888414,2155.94,0.00055548,sell,0750c934-3207-4149-88eb-b71d175f1e38,ad6d7041-caa0-491f-b778-c41356edb848
221,2026-03-21T11:42:18.913262+00:00,XRP-USD,match,2026-03-21T11:42:18.909269+00:00,222848444,19507623622,1.4413,1e-05,sell,97d33b53-fd5f-414c-8472-3c3275211840,b1f25b6f-f253-4344-9a60-cc0b7af37c14
222,2026-03-21T11:42:19.340516+00:00,BTC-USD,match,2026-03-21T11:42:19.330739+00:00,984891576,124587844305,70597.81,4.4e-07,sell,922b5d81-ab07-461e-b77d-bcb014cb0034,cff97443-0e6e-42d7-a86e-1340488e8497
223,2026-03-21T11:42:20.520705+00:00,BTC-USD,match,2026-03-21T11:42:20.514187+00:00,984891577,124587844674,70597.81,4.4e-07,sell,922b5d81-ab07-461e-b77d-bcb014cb0034,179e4d8c-22f9-43c9-997a-a3d242eeb916
224,2026-03-21T11:42:22.368614+00:00,BTC-USD,match,2026-03-21T11:42:22.361907+00:00,984891578,124587844973,70597.81,4.4e-07,sell,922b5d81-ab07-461e-b77d-bcb014cb0034,815a910b-c8ef-40d3-b37f-fce0159bba64
225,2026-03-21T11:42:23.128796+00:00,XRP-USD,match,2026-03-21T11:42:23.125139+00:00,222848445,19507623765,1.4413,1e-05,sell,97d33b53-fd5f-414c-8472-3c3275211840,9e76fa9c-7524-4f1e-82d3-398b4aea875b
226,2026-03-21T11:42:23.554348+00:00,BTC-USD,match,2026-03-21T11:42:23.547956+00:00,984891579,124587845209,70597.81,4.4e-07,sell,922b5d81-ab07-461e-b77d-bcb014cb0034,c79f53ca-9444-4b81-a0a3-c5ac196ecbed
227,2026-03-21T11:42:23.99784+00:00,BTC-USD,match,2026-03-21T11:42:23.993761+00:00,984891580,124587845521,70597.81,0.001762,sell,858dca35-c1c2-4cda-8356-24c6f5706eaf,0a1f57fd-7892-4c99-9ad3-463337ab1223
228,2026-03-21T11:42:24.124304+00:00,ETH-USD,match,2026-03-21T11:42:24.029097+00:00,787781935,95523888696,2155.94,0.146478,sell,0750c934-3207-4149-88eb-b71d175f1e38,d6cf1900-8bd1-4b92-ba1e-3e34e22e9c6c
229,2026-03-21T11:42:24.451794+00:00,BTC-USD,match,2026-03-21T11:42:24.44578+00:00,984891581,124587845782,70597.81,0.02261931,sell,858dca35-c1c2-4cda-8356-24c6f5706eaf,7f4c27c5-b91a-4b2a-803b-8596afd0306f
230,2026-03-21T11:42:24.451851+00:00,BTC-USD,match,2026-03-21T11:42:24.44578+00:00,984891582,124587845784,70599.27,2.2e-07,sell,e9ac82ae-39e3-4389-b599-67722a0e49f0,7f4c27c5-b91a-4b2a-803b-8596afd0306f
231,2026-03-21T11:42:24.45189+00:00,BTC-USD,match,2026-03-21T11:42:24.44578+00:00,984891583,124587845786,70599.28,2.2e-07,sell,417d7676-c515-48a6-91cf-7009ef195b0d,7f4c27c5-b91a-4b2a-803b-8596afd0306f
232,2026-03-21T11:42:24.451908+00:00,BTC-USD,match,2026-03-21T11:42:24.44578+00:00,984891584,124587845788,70599.58,0.00033899,sell,0eced73d-12da-45f5-b997-cb03115e455a,7f4c27c5-b91a-4b2a-803b-8596afd0306f
233,2026-03-21T11:42:24.558548+00:00,ETH-USD,match,2026-03-21T11:42:24.5438+00:00,787781936,95523888806,2155.94,0.027594,sell,0750c934-3207-4149-88eb-b71d175f1e38,4305822e-1069-44af-926e-5c51efecdb3f
234,2026-03-21T11:42:24.581477+00:00,BTC-USD,match,2026-03-21T11:42:24.571+00:00,984891585,124587846040,70602.04,0.000338,sell,ff9a3b5d-ed45-47d6-9314-78dc87548b66,57a2e4d7-dab9-49f9-8b2a-b3566713296b
235,2026-03-21T11:42:24.638385+00:00,BTC-USD,match,2026-03-21T11:42:24.633986+00:00,984891586,124587846230,70602.73,6.2e-05,sell,8671b59f-e106-4a5e-8d2e-242530c95967,95d8dc3d-1f67-4943-a277-14806f2ccfc2
236,2026-03-21T11:42:24.75485+00:00,BTC-USD,match,2026-03-21T11:42:24.750466+00:00,984891587,124587846436,70604.11,2.2e-07,sell,388f8ccf-3dd0-47bd-8bc9-383f50b794d2,cb79cd7b-72a1-486b-bb15-992dfe71a377
237,2026-03-21T11:42:24.806351+00:00,ETH-USD,match,2026-03-21T11:42:24.802491+00:00,787781937,95523888829,2155.94,0.00055548,sell,0750c934-3207-4149-88eb-b71d175f1e38,e06bf40b-cf22-4138-a07c-06f39bc12658
238,2026-03-21T11:42:24.918308+00:00,BTC-USD,match,2026-03-21T11:42:24.910656+00:00,984891588,124587846530,70604.11,2.2e-07,sell,388f8ccf-3dd0-47bd-8bc9-383f50b794d2,db513c45-bef9-47c5-85f0-e40981527a66
239,2026-03-21T11:42:25.570519+00:00,BTC-USD,match,2026-03-21T11:42:25.565834+00:00,984891589,124587846753,70604.11,0.000253,sell,388f8ccf-3dd0-47bd-8bc9-383f50b794d2,3fcb3046-2c5f-4047-bf62-e672c622440b
240,2026-03-21T11:42:25.660433+00:00,ETH-USD,match,2026-03-21T11:42:25.65514+00:00,787781938,95523888872,2155.94,0.01572,sell,0750c934-3207-4149-88eb-b71d175f1e38,4b61619c-4938-4680-85cf-29c712336f5d
241,2026-03-21T11:42:25.846434+00:00,XRP-USD,match,2026-03-21T11:42:25.839626+00:00,222848446,19507623934,1.4413,1e-05,sell,97d33b53-fd5f-414c-8472-3c3275211840,2956288d-8f5b-4370-af74-f9e6db377ffc
242,2026-03-21T11:42:25.943364+00:00,BTC-USD,match,2026-03-21T11:42:25.938959+00:00,984891590,124587847014,70604.11,4.4e-07,sell,388f8ccf-3dd0-47bd-8bc9-383f50b794d2,015f0632-bb35-4b76-b9ce-6e632b72c807
243,2026-03-21T11:42:26.100486+00:00,BTC-USD,match,2026-03-21T11:42:26.07175+00:00,984891591,124587847070,70604.11,0.00020151,sell,388f8ccf-3dd0-47bd-8bc9-383f50b794d2,283744f7-0deb-46db-a7a4-a90cde82cc6b
244,2026-03-21T11:42:26.541811+00:00,BTC-USD,match,2026-03-21T11:42:26.53634+00:00,984891592,124587847169,70604.11,0.00033358,sell,388f8ccf-3dd0-47bd-8bc9-383f50b794d2,a7fc26df-d9cb-4b81-bd80-3c557cf6b66d
245,2026-03-21T11:42:26.541913+00:00,BTC-USD,match,2026-03-21T11:42:26.53634+00:00,984891593,124587847171,70604.11,2.2e-07,sell,0015da65-001e-4066-9af4-50dcb4fbf9b4,a7fc26df-d9cb-4b81-bd80-3c557cf6b66d
246,2026-03-21T11:42:26.541973+00:00,BTC-USD,match,2026-03-21T11:42:26.53634+00:00,984891594,124587847173,70604.11,5.22e-05,sell,5937c532-b7e5-46ee-b238-544e3ca001bf,a7fc26df-d9cb-4b81-bd80-3c557cf6b66d
247,2026-03-21T11:42:26.55988+00:00,ETH-USD,match,2026-03-21T11:42:26.554438+00:00,787781939,95523888910,2155.94,0.018893,sell,0750c934-3207-4149-88eb-b71d175f1e38,d0a6872b-f35d-4cc7-a45b-73171697a364
248,2026-03-21T11:42:26.921929+00:00,SOL-USD,match,2026-03-21T11:42:26.903827+00:00,328330654,28295332340,89.93,14.78,sell,7915cbcc-2a04-48a1-8f00-87f7b8281f48,bed6f691-9280-462c-aa52-d74ed8f33e01
249,2026-03-21T11:42:26.92199+00:00,SOL-USD,match,2026-03-21T11:42:26.903827+00:00,328330655,28295332342,89.93,0.57441554,sell,739fee7b-5f0c-423f-be14-8d4378326624,bed6f691-9280-462c-aa52-d74ed8f33e01
250,2026-03-21T11:42:26.922011+00:00,SOL-USD,match,2026-03-21T11:42:26.903827+00:00,328330656,28295332344,89.94,14.78,sell,30f38a54-38ba-4734-a0f2-e3d1e929ad51,bed6f691-9280-462c-aa52-d74ed8f33e01
251,2026-03-21T11:42:26.92203+00:00,SOL-USD,match,2026-03-21T11:42:26.903827+00:00,328330657,28295332346,89.94,33.51526,sell,214d04b7-9bd9-47cc-bd9e-95105daa3021,bed6f691-9280-462c-aa52-d74ed8f33e01
252,2026-03-21T11:42:26.922049+00:00,SOL-USD,match,2026-03-21T11:42:26.903827+00:00,328330658,28295332348,89.94,41.80692,sell,1cf6f4d7-f52c-4f2c-9917-1881fe019f3e,bed6f691-9280-462c-aa52-d74ed8f33e01
253,2026-03-21T11:42:26.922066+00:00,SOL-USD,match,2026-03-21T11:42:26.903827+00:00,328330659,28295332350,89.94,13.89909608,sell,f6f8bc7a-35b8-46ac-abbc-62058395cb16,bed6f691-9280-462c-aa52-d74ed8f33e01
254,2026-03-21T11:42:26.922084+00:00,SOL-USD,match,2026-03-21T11:42:26.903827+00:00,328330660,28295332352,89.94,19.31971384,sell,19d49cb8-1a2d-4636-aca0-3d626af949b9,bed6f691-9280-462c-aa52-d74ed8f33e01
255,2026-03-21T11:42:26.9221+00:00,SOL-USD,match,2026-03-21T11:42:26.903827+00:00,328330661,28295332354,89.94,21.03884118,sell,ca8cb81e-a03d-4836-832a-607dfc268dc7,bed6f691-9280-462c-aa52-d74ed8f33e01
256,2026-03-21T11:42:26.922116+00:00,SOL-USD,match,2026-03-21T11:42:26.903827+00:00,328330662,28295332356,89.95,9.68908286,sell,fe756fc7-ae8f-4425-9432-43631af38d6c,bed6f691-9280-462c-aa52-d74ed8f33e01
257,2026-03-21T11:42:26.922159+00:00,SOL-USD,match,2026-03-21T11:42:26.903827+00:00,328330663,28295332358,89.95,12.61954365,sell,772ed98d-0337-431c-9944-b10eff53c1e1,bed6f691-9280-462c-aa52-d74ed8f33e01
258,2026-03-21T11:42:26.922176+00:00,SOL-USD,match,2026-03-21T11:42:26.903827+00:00,328330664,28295332360,89.95,33.51153,sell,027a9c69-e7df-4f5b-bf0d-c63b4e8bc660,bed6f691-9280-462c-aa52-d74ed8f33e01
259,2026-03-21T11:42:26.922192+00:00,SOL-USD,match,2026-03-21T11:42:26.903827+00:00,328330665,28295332362,89.95,13.89765685,sell,d629016c-dc84-4caf-9b7b-7424c344067f,bed6f691-9280-462c-aa52-d74ed8f33e01
260,2026-03-21T11:42:26.922206+00:00,SOL-USD,match,2026-03-21T11:42:26.903827+00:00,328330666,28295332364,89.95,31.30113229,sell,0467d9be-04ca-49b2-b181-2d2f0add15f2,bed6f691-9280-462c-aa52-d74ed8f33e01
261,2026-03-21T11:42:26.922223+00:00,SOL-USD,match,2026-03-21T11:42:26.903827+00:00,328330667,28295332366,89.95,4.0,sell,4a713af1-6ef9-4c9a-bf3f-446a0e644ffb,bed6f691-9280-462c-aa52-d74ed8f33e01
262,2026-03-21T11:42:26.922238+00:00,SOL-USD,match,2026-03-21T11:42:26.903827+00:00,328330668,28295332368,89.95,2.0,sell,73091f38-f0b1-4afd-b7f5-0b34bbe63057,bed6f691-9280-462c-aa52-d74ed8f33e01
263,2026-03-21T11:42:26.922252+00:00,SOL-USD,match,2026-03-21T11:42:26.903827+00:00,328330669,28295332370,89.95,0.013,sell,c2b158f7-beea-4ad7-87ab-a102fcc079f3,bed6f691-9280-462c-aa52-d74ed8f33e01
264,2026-03-21T11:42:26.922268+00:00,SOL-USD,match,2026-03-21T11:42:26.903827+00:00,328330670,28295332372,89.95,65.97711378,sell,478e6292-63fb-400c-b79f-158df6ab0f01,bed6f691-9280-462c-aa52-d74ed8f33e01
265,2026-03-21T11:42:26.922282+00:00,SOL-USD,match,2026-03-21T11:42:26.903827+00:00,328330671,28295332374,89.95,4.491,sell,06d9996c-d1c3-48f7-a7bc-ca857639d820,bed6f691-9280-462c-aa52-d74ed8f33e01
266,2026-03-21T11:42:26.922296+00:00,SOL-USD,match,2026-03-21T11:42:26.903827+00:00,328330672,28295332376,89.96,14.72953314,sell,d167bd2e-d316-48f1-a975-11430a97d31a,bed6f691-9280-462c-aa52-d74ed8f33e01
267,2026-03-21T11:42:26.922311+00:00,SOL-USD,match,2026-03-21T11:42:26.903827+00:00,328330673,28295332378,89.96,33.50781,sell,83d91af5-7b48-4634-9e4f-64cbfdffd368,bed6f691-9280-462c-aa52-d74ed8f33e01
268,2026-03-21T11:42:26.922326+00:00,SOL-USD,match,2026-03-21T11:42:26.903827+00:00,328330674,28295332380,89.96,19.31971384,sell,fe031503-f94f-48fb-93bf-69ed849a33ce,bed6f691-9280-462c-aa52-d74ed8f33e01
269,2026-03-21T11:42:26.922342+00:00,SOL-USD,match,2026-03-21T11:42:26.903827+00:00,328330675,28295332382,89.96,22.16709607,sell,2287ffe0-55ad-427e-991f-085177b370a3,bed6f691-9280-462c-aa52-d74ed8f33e01
270,2026-03-21T11:42:26.922356+00:00,SOL-USD,match,2026-03-21T11:42:26.903827+00:00,328330676,28295332384,89.96,11.11605157,sell,8f1f6399-a2a7-4c6d-aca5-7a185df90d13,bed6f691-9280-462c-aa52-d74ed8f33e01
271,2026-03-21T11:42:26.922369+00:00,SOL-USD,match,2026-03-21T11:42:26.903827+00:00,328330677,28295332386,89.96,3.022,sell,6f434131-516b-4fd1-b5dc-086f387463a8,bed6f691-9280-462c-aa52-d74ed8f33e01
272,2026-03-21T11:42:26.922384+00:00,SOL-USD,match,2026-03-21T11:42:26.903827+00:00,328330678,28295332388,89.96,8.0,sell,7ddd5d29-4523-4937-86cf-112eb5c1ed76,bed6f691-9280-462c-aa52-d74ed8f33e01
273,2026-03-21T11:42:26.922397+00:00,SOL-USD,match,2026-03-21T11:42:26.903827+00:00,328330679,28295332390,89.96,4.0,sell,43dd8632-1add-4b43-9a4a-e02b8d4b9b93,bed6f691-9280-462c-aa52-d74ed8f33e01
274,2026-03-21T11:42:26.92241+00:00,SOL-USD,match,2026-03-21T11:42:26.903827+00:00,328330680,28295332392,89.96,0.013,sell,1291b98b-ae16-4998-95c6-53ee0c2e9465,bed6f691-9280-462c-aa52-d74ed8f33e01
275,2026-03-21T11:42:26.922433+00:00,SOL-USD,match,2026-03-21T11:42:26.903827+00:00,328330681,28295332394,89.96,28.47232845,sell,489cbff9-9a41-4f77-b041-9cc6b65c42fd,bed6f691-9280-462c-aa52-d74ed8f33e01
276,2026-03-21T11:42:26.922448+00:00,SOL-USD,match,2026-03-21T11:42:26.903827+00:00,328330682,28295332396,89.96,69.91775966,sell,d6aad2af-d68c-49a8-bb0f-dbd7769e41b8,bed6f691-9280-462c-aa52-d74ed8f33e01
277,2026-03-21T11:42:26.922462+00:00,SOL-USD,match,2026-03-21T11:42:26.903827+00:00,328330683,28295332398,89.96,114.62494926,sell,485dcd59-76ca-4c73-9744-a7e9806d8729,bed6f691-9280-462c-aa52-d74ed8f33e01
278,2026-03-21T11:42:26.922476+00:00,SOL-USD,match,2026-03-21T11:42:26.903827+00:00,328330684,28295332400,89.96,119.10065316,sell,66a8156d-ffb4-4fc8-a2b6-4b2f9a02ee53,bed6f691-9280-462c-aa52-d74ed8f33e01
279,2026-03-21T11:42:26.922489+00:00,SOL-USD,match,2026-03-21T11:42:26.903827+00:00,328330685,28295332402,89.96,14.81061502,sell,bd5d839e-aa5b-4893-ac60-07d5eaf6c93c,bed6f691-9280-462c-aa52-d74ed8f33e01
280,2026-03-21T11:42:27.116086+00:00,ETH-USD,match,2026-03-21T11:42:27.02895+00:00,787781940,95523888945,2155.94,0.008517,sell,0750c934-3207-4149-88eb-b71d175f1e38,28eb67e3-638d-4258-87be-fdb7e2feec17
281,2026-03-21T11:42:27.11617+00:00,BTC-USD,match,2026-03-21T11:42:27.063344+00:00,984891595,124587847277,70604.11,0.000111,sell,5937c532-b7e5-46ee-b238-544e3ca001bf,0a2962f7-45d5-49f7-bd37-fe29f87c67fa
282,2026-03-21T11:42:27.116204+00:00,BTC-USD,match,2026-03-21T11:42:27.106588+00:00,984891596,124587847307,70604.11,0.00154254,sell,5937c532-b7e5-46ee-b238-544e3ca001bf,f58dc7a1-6399-45a2-850e-ba1434cf4889
283,2026-03-21T11:42:27.127451+00:00,BTC-USD,match,2026-03-21T11:42:27.121403+00:00,984891597,124587847317,70604.11,4.4e-07,sell,5937c532-b7e5-46ee-b238-544e3ca001bf,d9ff5214-7e20-4bbe-a68c-cd624db9b6ae
284,2026-03-21T11:42:27.696678+00:00,XRP-USD,match,2026-03-21T11:42:27.692546+00:00,222848447,19507624010,1.4413,1117.554705,sell,97d33b53-fd5f-414c-8472-3c3275211840,f6ff3858-7a79-4777-95ec-e903190c30a8
285,2026-03-21T11:42:27.839768+00:00,XRP-USD,match,2026-03-21T11:42:27.692546+00:00,222848448,19507624012,1.4413,256.205095,sell,53e1cdac-2dda-4a24-9100-6e60a1f23de9,f6ff3858-7a79-4777-95ec-e903190c30a8
286,2026-03-21T11:42:27.900295+00:00,BTC-USD,match,2026-03-21T11:42:27.893371+00:00,984891598,124587847492,70604.11,0.00067171,sell,5937c532-b7e5-46ee-b238-544e3ca001bf,636373a5-7b7f-4cc9-8889-9ce8421e8c6c
287,2026-03-21T11:42:28.09939+00:00,ETH-USD,match,2026-03-21T11:42:28.084706+00:00,787781941,95523888980,2155.94,0.0154308,sell,0750c934-3207-4149-88eb-b71d175f1e38,f7d8081a-fef4-46b5-9d68-b08be719e7c2
288,2026-03-21T11:42:28.302989+00:00,BTC-USD,match,2026-03-21T11:42:28.281988+00:00,984891599,124587847561,70604.11,4.4e-07,sell,5937c532-b7e5-46ee-b238-544e3ca001bf,7987d8ae-dc26-4997-af8a-7d45924c43b4
289,2026-03-21T11:42:28.469081+00:00,BTC-USD,match,2026-03-21T11:42:28.464703+00:00,984891600,124587847932,70604.1,0.00028334,buy,754e2c69-fe6c-4057-8aa1-87aa85325183,508e3215-e71e-475f-b3b0-2599ce09ae8a
290,2026-03-21T11:42:28.730833+00:00,XRP-USD,match,2026-03-21T11:42:28.725434+00:00,222848449,19507624075,1.4413,1e-05,sell,53e1cdac-2dda-4a24-9100-6e60a1f23de9,21aea7d8-005d-4b2d-9113-c0dd7423219b
291,2026-03-21T11:42:29.046645+00:00,BTC-USD,match,2026-03-21T11:42:29.040479+00:00,984891601,124587848072,70604.11,2.867e-05,sell,5937c532-b7e5-46ee-b238-544e3ca001bf,369b81d2-1cbe-4374-9e67-f91f5c48eac2
292,2026-03-21T11:42:29.062041+00:00,BTC-USD,match,2026-03-21T11:42:29.05248+00:00,984891602,124587848084,70604.11,0.000636,sell,5937c532-b7e5-46ee-b238-544e3ca001bf,425f4dff-19ca-4e29-8780-af696112b15e
293,2026-03-21T11:42:29.069049+00:00,ETH-USD,match,2026-03-21T11:42:29.064446+00:00,787781942,95523889115,2155.94,0.03907,sell,0750c934-3207-4149-88eb-b71d175f1e38,72fb6b4c-38fb-4ab3-b619-6628fd14fbb2
294,2026-03-21T11:42:29.480263+00:00,BTC-USD,match,2026-03-21T11:42:29.474055+00:00,984891603,124587848188,70604.11,4.4e-07,sell,5937c532-b7e5-46ee-b238-544e3ca001bf,6f202eaf-257f-492a-8b1e-d2b2d5717ebb
295,2026-03-21T11:42:30.104489+00:00,ETH-USD,match,2026-03-21T11:42:30.056561+00:00,787781943,95523889204,2155.94,0.019508,sell,0750c934-3207-4149-88eb-b71d175f1e38,7864a636-fa92-463a-bbb1-07cf0cbfbd1c
296,2026-03-21T11:42:30.642724+00:00,BTC-USD,match,2026-03-21T11:42:30.638143+00:00,984891604,124587848444,70604.11,4.4e-07,sell,5937c532-b7e5-46ee-b238-544e3ca001bf,417c92b9-5ab0-462e-95c3-9a0e8af6619b
297,2026-03-21T11:42:30.948801+00:00,ETH-USD,match,2026-03-21T11:42:30.941781+00:00,787781944,95523889231,2155.94,0.00055546,sell,0750c934-3207-4149-88eb-b71d175f1e38,180a05fb-1c0c-416c-84ec-94d505d3a7ca
298,2026-03-21T11:42:31.118601+00:00,XRP-USD,match,2026-03-21T11:42:31.053639+00:00,222848450,19507624156,1.4413,4.121279,sell,53e1cdac-2dda-4a24-9100-6e60a1f23de9,4514c5c4-042c-4de9-a148-5ef80a0f73fe
299,2026-03-21T11:42:31.400855+00:00,XRP-USD,match,2026-03-21T11:42:31.212659+00:00,222848451,19507624177,1.4412,0.8,buy,528ea44c-af37-4a93-ad4d-4335b21d389e,7525c461-cb82-4e40-8225-a32e43b217c8
300,2026-03-21T11:42:31.400935+00:00,XRP-USD,match,2026-03-21T11:42:31.212659+00:00,222848452,19507624179,1.4412,9.783225,buy,1dbab4a0-1eb6-4537-ae09-3a79623d9889,7525c461-cb82-4e40-8225-a32e43b217c8
301,2026-03-21T11:42:31.400966+00:00,BTC-USD,match,2026-03-21T11:42:31.332092+00:00,984891605,124587848579,70604.11,0.00020991,sell,5937c532-b7e5-46ee-b238-544e3ca001bf,492b5fcc-9330-4cb5-b810-034662dc7926
302,2026-03-21T11:42:31.406084+00:00,XRP-USD,match,2026-03-21T11:42:31.40152+00:00,222848453,19507624193,1.4413,1e-05,sell,53e1cdac-2dda-4a24-9100-6e60a1f23de9,53d58131-87eb-4a06-a60e-778d7489fedf
303,2026-03-21T11:42:31.807217+00:00,BTC-USD,match,2026-03-21T11:42:31.794436+00:00,984891606,124587848711,70604.11,4.4e-07,sell,5937c532-b7e5-46ee-b238-544e3ca001bf,4ee6794b-8119-4e25-8715-f8cd785fc72d
304,2026-03-21T11:42:32.648537+00:00,ETH-USD,match,2026-03-21T11:42:32.641144+00:00,787781945,95523889324,2155.94,0.009341,sell,0750c934-3207-4149-88eb-b71d175f1e38,71b1f625-1cd8-4dba-93cf-71823db6e121
305,2026-03-21T11:42:32.952723+00:00,BTC-USD,match,2026-03-21T11:42:32.94609+00:00,984891607,124587848927,70604.11,4.4e-07,sell,5937c532-b7e5-46ee-b238-544e3ca001bf,a6fefc5e-f024-4fc1-8392-5d860841eb5c
306,2026-03-21T11:42:33.106619+00:00,BTC-USD,match,2026-03-21T11:42:32.997056+00:00,984891608,124587848940,70604.11,0.00070109,sell,5937c532-b7e5-46ee-b238-544e3ca001bf,09d9ad9a-c8d3-4a9c-a4d1-a27d338a97b4
307,2026-03-21T11:42:34.155747+00:00,BTC-USD,match,2026-03-21T11:42:34.147366+00:00,984891609,124587849422,70604.11,4.4e-07,sell,5937c532-b7e5-46ee-b238-544e3ca001bf,e91cba3e-83c9-4cf7-8e68-82fbf623bd5d
308,2026-03-21T11:42:34.228376+00:00,XRP-USD,match,2026-03-21T11:42:34.224864+00:00,222848454,19507624315,1.4413,1e-05,sell,53e1cdac-2dda-4a24-9100-6e60a1f23de9,a23ddfbb-eb54-40a4-b887-24f6837ba661
309,2026-03-21T11:42:35.159449+00:00,BTC-USD,match,2026-03-21T11:42:34.998114+00:00,984891610,124587849862,70604.11,0.00350546,sell,5937c532-b7e5-46ee-b238-544e3ca001bf,5006154d-b67e-4149-b34e-282684a22c28
310,2026-03-21T11:42:35.391182+00:00,BTC-USD,match,2026-03-21T11:42:35.305836+00:00,984891611,124587849930,70604.11,4.4e-07,sell,5937c532-b7e5-46ee-b238-544e3ca001bf,2ff9d9c2-9918-4b04-b725-2c8f4f447e30
311,2026-03-21T11:42:35.398308+00:00,BTC-USD,match,2026-03-21T11:42:35.386497+00:00,984891612,124587849961,70604.11,0.00140218,sell,5937c532-b7e5-46ee-b238-544e3ca001bf,9cb63fba-e9d9-4ea0-879f-71d0d2c57a45
312,2026-03-21T11:42:35.451207+00:00,BTC-USD,match,2026-03-21T11:42:35.445011+00:00,984891613,124587849980,70604.11,0.00014022,sell,5937c532-b7e5-46ee-b238-544e3ca001bf,2a871b11-6dcc-4812-afb8-1a49cd5cec2f
313,2026-03-21T11:42:35.499572+00:00,BTC-USD,match,2026-03-21T11:42:35.490555+00:00,984891614,124587850033,70604.1,6.024e-05,buy,5f472502-903f-4f4f-9e63-98012c346e6e,7d545d7c-f7a5-4a7a-85ff-1fb432b0345b
314,2026-03-21T11:42:35.499659+00:00,BTC-USD,match,2026-03-21T11:42:35.490555+00:00,984891615,124587850035,70604.1,0.00013708,buy,69ee34fa-eecf-42b4-9871-6561951952d7,7d545d7c-f7a5-4a7a-85ff-1fb432b0345b
315,2026-03-21T11:42:35.499688+00:00,BTC-USD,match,2026-03-21T11:42:35.490555+00:00,984891616,124587850037,70604.1,0.01098261,buy,e20e5dff-10c8-4335-878b-b024327cacdf,7d545d7c-f7a5-4a7a-85ff-1fb432b0345b
316,2026-03-21T11:42:35.499715+00:00,BTC-USD,match,2026-03-21T11:42:35.490555+00:00,984891617,124587850039,70604.1,0.00202615,buy,4673273b-43df-429e-b4a9-d5ca3634cc9e,7d545d7c-f7a5-4a7a-85ff-1fb432b0345b
317,2026-03-21T11:42:35.499816+00:00,BTC-USD,match,2026-03-21T11:42:35.490555+00:00,984891618,124587850041,70604.1,0.00109982,buy,0c146a60-1162-4ded-a6b1-90922d544330,7d545d7c-f7a5-4a7a-85ff-1fb432b0345b
318,2026-03-21T11:42:35.499848+00:00,BTC-USD,match,2026-03-21T11:42:35.490555+00:00,984891619,124587850043,70604.1,0.00099992,buy,09d77491-3506-43bd-a3fb-5fd24d5060ab,7d545d7c-f7a5-4a7a-85ff-1fb432b0345b
319,2026-03-21T11:42:35.49987+00:00,BTC-USD,match,2026-03-21T11:42:35.490555+00:00,984891620,124587850045,70604.1,0.0017771,buy,e99c6caf-9ea9-4908-90f6-f88e0013cb53,7d545d7c-f7a5-4a7a-85ff-1fb432b0345b
320,2026-03-21T11:42:35.49989+00:00,BTC-USD,match,2026-03-21T11:42:35.490555+00:00,984891621,124587850047,70604.1,0.00355414,buy,b3652d38-840d-4ce6-8fb2-e7ca8579edb9,7d545d7c-f7a5-4a7a-85ff-1fb432b0345b
321,2026-03-21T11:42:35.499907+00:00,BTC-USD,match,2026-03-21T11:42:35.490555+00:00,984891622,124587850049,70604.1,0.00888542,buy,28e1d68c-2b47-49b0-960e-994798d55f58,7d545d7c-f7a5-4a7a-85ff-1fb432b0345b
322,2026-03-21T11:42:35.499924+00:00,BTC-USD,match,2026-03-21T11:42:35.490555+00:00,984891623,124587850051,70604.1,0.00177709,buy,4754c71f-8575-4443-8db8-2f80cf731aeb,7d545d7c-f7a5-4a7a-85ff-1fb432b0345b
323,2026-03-21T11:42:35.499942+00:00,BTC-USD,match,2026-03-21T11:42:35.490555+00:00,984891624,124587850053,70604.1,0.01066239,buy,a40c5c0a-e9fc-4651-a9f3-91ba91177d72,7d545d7c-f7a5-4a7a-85ff-1fb432b0345b
324,2026-03-21T11:42:35.499968+00:00,BTC-USD,match,2026-03-21T11:42:35.490555+00:00,984891625,124587850055,70604.1,0.00710826,buy,804ac7ce-dc32-481a-8637-339e39773b04,7d545d7c-f7a5-4a7a-85ff-1fb432b0345b
325,2026-03-21T11:42:35.503571+00:00,XRP-USD,match,2026-03-21T11:42:35.49908+00:00,222848455,19507624417,1.4412,134.752942,buy,1dbab4a0-1eb6-4537-ae09-3a79623d9889,a98849d3-f656-4b65-8a9e-8ed11633ec91
326,2026-03-21T11:42:35.503648+00:00,XRP-USD,match,2026-03-21T11:42:35.49908+00:00,222848456,19507624419,1.4412,68.194218,buy,19256f8d-7fbc-40d3-914e-fe127553e24e,a98849d3-f656-4b65-8a9e-8ed11633ec91
327,2026-03-21T11:42:35.512759+00:00,ETH-USD,match,2026-03-21T11:42:35.502736+00:00,787781946,95523889729,2155.93,0.00059319,buy,cb2dfb7a-deca-4b27-82a8-aacd684b620b,c5b3f71e-1186-4108-8216-58a9fc77b6b2
328,2026-03-21T11:42:35.512936+00:00,ETH-USD,match,2026-03-21T11:42:35.502736+00:00,787781947,95523889731,2155.93,0.1553216,buy,f427ee49-0552-49a8-a357-814e7624446e,c5b3f71e-1186-4108-8216-58a9fc77b6b2
329,2026-03-21T11:42:36.157718+00:00,ETH-USD,match,2026-03-21T11:42:36.121217+00:00,787781948,95523889962,2155.89,0.001,buy,91c68ed4-de51-40c6-a09d-9186a813ec93,6e651522-416a-4521-ac5c-b188560ae996
330,2026-03-21T11:42:36.157825+00:00,ETH-USD,match,2026-03-21T11:42:36.121217+00:00,787781949,95523889964,2155.89,0.00041746,buy,28e78260-1e24-4da5-a68f-4291445c28a1,6e651522-416a-4521-ac5c-b188560ae996
331,2026-03-21T11:42:36.157857+00:00,ETH-USD,match,2026-03-21T11:42:36.121217+00:00,787781950,95523889966,2155.89,0.00138901,buy,4fc333b9-c6a7-4884-83f2-efb9bd43e5bd,6e651522-416a-4521-ac5c-b188560ae996
332,2026-03-21T11:42:36.157884+00:00,ETH-USD,match,2026-03-21T11:42:36.121217+00:00,787781951,95523889968,2155.88,0.18344077,buy,ac2dd2ca-0f48-4931-b438-62437e3f15d3,6e651522-416a-4521-ac5c-b188560ae996
333,2026-03-21T11:42:36.157918+00:00,ETH-USD,match,2026-03-21T11:42:36.121671+00:00,787781952,95523889971,2155.88,0.51187854,buy,ac2dd2ca-0f48-4931-b438-62437e3f15d3,b379094f-1064-4e91-bfd3-e21cac8f6c5e
334,2026-03-21T11:42:36.491591+00:00,BTC-USD,match,2026-03-21T11:42:36.487121+00:00,984891626,124587851086,70599.88,4.4e-07,sell,370cb2c7-68f4-481e-b02e-216164528c23,eee105f3-5f19-41d3-8c61-5b7f2c9d8f18
335,2026-03-21T11:42:36.857138+00:00,ETH-USD,match,2026-03-21T11:42:36.851752+00:00,787781953,95523890238,2155.85,0.00055546,sell,efe8d962-8375-46a4-8166-00b0bced6acc,0c3cf543-2e1a-4394-95c0-89a0c8be0096
336,2026-03-21T11:42:37.150008+00:00,BTC-USD,match,2026-03-21T11:42:37.143658+00:00,984891627,124587851273,70599.88,0.00068819,sell,370cb2c7-68f4-481e-b02e-216164528c23,d13e2bb6-d898-4679-8c43-5a1d4a66d8b4
337,2026-03-21T11:42:37.164374+00:00,XRP-USD,match,2026-03-21T11:42:37.159619+00:00,222848457,19507624803,1.4412,1e-05,sell,fe812f20-2c26-4f7a-954f-87db30d11d56,b6bcded3-fb41-4cc9-81f8-87415e79c9df
338,2026-03-21T11:42:37.416825+00:00,BTC-USD,match,2026-03-21T11:42:37.323935+00:00,984891628,124587851327,70599.88,0.00027525,sell,370cb2c7-68f4-481e-b02e-216164528c23,c2d6faee-941e-4242-9d0a-c06cfd1d66e5
339,2026-03-21T11:42:37.593436+00:00,BTC-USD,match,2026-03-21T11:42:37.58754+00:00,984891629,124587851491,70599.88,4.4e-07,sell,370cb2c7-68f4-481e-b02e-216164528c23,0381f6da-0317-4780-9975-2ed72d0150b4
340,2026-03-21T11:42:38.127455+00:00,BTC-USD,match,2026-03-21T11:42:38.040525+00:00,984891630,124587851643,70599.88,7.011e-05,sell,370cb2c7-68f4-481e-b02e-216164528c23,37d0b225-5dce-43b1-9018-d8f32e203f60
341,2026-03-21T11:42:38.276363+00:00,XRP-USD,match,2026-03-21T11:42:38.163045+00:00,222848458,19507624873,1.4411,0.8,buy,0044ef36-65d5-46cd-8b6a-6676f4ed2663,d4a95e92-a07f-43d1-9505-5b9e94dd9b25
342,2026-03-21T11:42:38.276434+00:00,XRP-USD,match,2026-03-21T11:42:38.163045+00:00,222848459,19507624875,1.4411,163.476314,buy,828aac55-0b1c-478a-800e-e9652a0b4a19,d4a95e92-a07f-43d1-9505-5b9e94dd9b25
343,2026-03-21T11:42:38.27646+00:00,XRP-USD,match,2026-03-21T11:42:38.1885+00:00,222848460,19507624939,1.4411,8.070839,sell,032b64aa-66c5-4176-b2ad-a36ac6678753,45b65527-ab43-454f-bac7-dae312ff9eef
344,2026-03-21T11:42:38.567493+00:00,XRP-USD,match,2026-03-21T11:42:38.563748+00:00,222848461,19507625020,1.4411,30.853237,sell,032b64aa-66c5-4176-b2ad-a36ac6678753,df44810b-7de4-4e59-b181-567cd9272b27
345,2026-03-21T11:42:38.795125+00:00,BTC-USD,match,2026-03-21T11:42:38.782253+00:00,984891631,124587851862,70599.88,4.4e-07,sell,370cb2c7-68f4-481e-b02e-216164528c23,c63f0123-3ae6-4bf5-926c-7ca427d7ac9a
346,2026-03-21T11:42:38.862347+00:00,ETH-USD,match,2026-03-21T11:42:38.852718+00:00,787781954,95523890571,2155.85,0.00918393,sell,efe8d962-8375-46a4-8166-00b0bced6acc,c794c22d-f0f0-428a-9d99-df4d15a3c858
347,2026-03-21T11:42:39.422904+00:00,BTC-USD,match,2026-03-21T11:42:39.38+00:00,984891632,124587852216,70599.88,0.00070113,sell,370cb2c7-68f4-481e-b02e-216164528c23,1a4aa170-da77-404b-9205-ce30e0c9d9c4
348,2026-03-21T11:42:39.579597+00:00,XRP-USD,match,2026-03-21T11:42:39.576282+00:00,222848462,19507625076,1.4411,2.28731,sell,032b64aa-66c5-4176-b2ad-a36ac6678753,28a5145d-2605-4572-b911-d616bdd19c1f
349,2026-03-21T11:42:39.667659+00:00,BTC-USD,match,2026-03-21T11:42:39.659094+00:00,984891633,124587852299,70599.88,0.00014022,sell,370cb2c7-68f4-481e-b02e-216164528c23,dc150743-4ae5-4cdf-803b-b0b164c75595
350,2026-03-21T11:42:39.681049+00:00,BTC-USD,match,2026-03-21T11:42:39.674905+00:00,984891634,124587852322,70599.88,0.00014022,sell,370cb2c7-68f4-481e-b02e-216164528c23,174f0c78-228a-427f-a2e4-e97649db7a88
351,2026-03-21T11:42:39.831161+00:00,XRP-USD,match,2026-03-21T11:42:39.826931+00:00,222848463,19507625095,1.4411,1e-05,sell,032b64aa-66c5-4176-b2ad-a36ac6678753,f2b540c1-932b-481a-b8ef-b001864ceb73
352,2026-03-21T11:42:39.95956+00:00,BTC-USD,match,2026-03-21T11:42:39.947915+00:00,984891635,124587852407,70599.88,4.4e-07,sell,370cb2c7-68f4-481e-b02e-216164528c23,6d3e18ca-6e29-49c3-ada0-8dd168227fca
353,2026-03-21T11:42:40.427139+00:00,BTC-USD,match,2026-03-21T11:42:40.352556+00:00,984891636,124587852507,70599.88,0.00041297,sell,370cb2c7-68f4-481e-b02e-216164528c23,b0641b39-a0aa-4a32-a331-7b7b97241932
354,2026-03-21T11:42:40.538395+00:00,BTC-USD,match,2026-03-21T11:42:40.534105+00:00,984891637,124587852569,70599.88,0.00035055,sell,370cb2c7-68f4-481e-b02e-216164528c23,0419d170-6828-4ee4-a2f7-9eaad30743a3
355,2026-03-21T11:42:41.182206+00:00,BTC-USD,match,2026-03-21T11:42:41.176848+00:00,984891638,124587852666,70599.88,4.4e-07,sell,370cb2c7-68f4-481e-b02e-216164528c23,956ade86-c663-4f8c-b2de-89580fd3a35e
356,2026-03-21T11:42:41.546556+00:00,ETH-USD,match,2026-03-21T11:42:41.5398+00:00,787781955,95523890678,2155.84,0.0175602,buy,10170166-a5b4-44dc-b0ce-87840097753d,76240a8c-a108-427a-b94a-d5f31d7348d2
357,2026-03-21T11:42:41.546616+00:00,ETH-USD,match,2026-03-21T11:42:41.5398+00:00,787781956,95523890680,2155.84,5e-08,buy,a89ee637-97bc-4d07-a8f0-ed67ccb7a390,76240a8c-a108-427a-b94a-d5f31d7348d2
358,2026-03-21T11:42:41.54664+00:00,ETH-USD,match,2026-03-21T11:42:41.5398+00:00,787781957,95523890682,2155.84,0.00333976,buy,100377fb-150f-4bf4-a07f-94163510eb96,76240a8c-a108-427a-b94a-d5f31d7348d2
359,2026-03-21T11:42:41.546659+00:00,ETH-USD,match,2026-03-21T11:42:41.5398+00:00,787781958,95523890684,2155.78,0.001,buy,98c01d81-7ac2-42e6-ab4b-b53b42112f1b,76240a8c-a108-427a-b94a-d5f31d7348d2
360,2026-03-21T11:42:41.546678+00:00,ETH-USD,match,2026-03-21T11:42:41.5398+00:00,787781959,95523890686,2155.71,0.00593124,buy,5410c12a-4919-49ad-80e1-09309f51ef75,76240a8c-a108-427a-b94a-d5f31d7348d2
361,2026-03-21T11:42:41.556+00:00,XRP-USD,match,2026-03-21T11:42:41.551699+00:00,222848464,19507625173,1.4411,68.692756,sell,85d4fcb4-2479-449d-836c-c31a322f56c9,11f922cd-c925-4f7c-ab9d-87c8b2e5b633
362,2026-03-21T11:42:41.653604+00:00,BTC-USD,match,2026-03-21T11:42:41.648602+00:00,984891639,124587852798,70599.88,0.00352,sell,370cb2c7-68f4-481e-b02e-216164528c23,9c3f2669-e66e-4e3c-8746-a468ac742079
363,2026-03-21T11:42:41.929733+00:00,BTC-USD,match,2026-03-21T11:42:41.92654+00:00,984891640,124587852851,70599.88,0.00028044,sell,370cb2c7-68f4-481e-b02e-216164528c23,2bd54bc2-df66-4fde-8f85-f1fc4b1d6312
364,2026-03-21T11:42:42.404836+00:00,ETH-USD,match,2026-03-21T11:42:42.3296+00:00,787781960,95523890857,2155.73,0.01147991,sell,270f85ff-ceeb-4c96-a32e-e65ca3b622bb,d3740034-ded5-43e5-9147-8f9804bcd33e
365,2026-03-21T11:42:42.404903+00:00,BTC-USD,match,2026-03-21T11:42:42.343328+00:00,984891641,124587852951,70599.88,4.4e-07,sell,370cb2c7-68f4-481e-b02e-216164528c23,ef58bcae-7914-4911-8824-b4e12259bb56
366,2026-03-21T11:42:42.404935+00:00,XRP-USD,match,2026-03-21T11:42:42.38028+00:00,222848465,19507625192,1.4411,68.68799,sell,85d4fcb4-2479-449d-836c-c31a322f56c9,f22b28cc-7fc4-4def-8bb9-43beecc86ce5
367,2026-03-21T11:42:42.44853+00:00,XRP-USD,match,2026-03-21T11:42:42.436679+00:00,222848466,19507625243,1.441,17.224658,buy,329e72d1-0a55-4209-bf4d-26f60ea654be,61d3fb65-cf2e-4560-8e3e-1cb303436355
368,2026-03-21T11:42:42.448612+00:00,XRP-USD,match,2026-03-21T11:42:42.436679+00:00,222848467,19507625245,1.441,0.8,buy,446692d2-a6f4-40ea-8a54-2960822f00cd,61d3fb65-cf2e-4560-8e3e-1cb303436355
369,2026-03-21T11:42:42.508297+00:00,BTC-USD,match,2026-03-21T11:42:42.50409+00:00,984891642,124587853057,70599.88,7.011e-05,sell,370cb2c7-68f4-481e-b02e-216164528c23,9abf6e32-e041-47a2-ac46-650934ea0ca7
370,2026-03-21T11:42:42.562468+00:00,ETH-USD,match,2026-03-21T11:42:42.558467+00:00,787781961,95523891029,2155.68,0.02253778,sell,8ab417d3-a28f-4357-b991-bc8ae63e7dc7,749e4a8c-c27b-4b40-adc8-a80eee98e992
371,2026-03-21T11:42:42.807071+00:00,BTC-USD,match,2026-03-21T11:42:42.802474+00:00,984891643,124587853129,70599.88,0.00042068,sell,370cb2c7-68f4-481e-b02e-216164528c23,8df3aa71-61f3-4fac-8150-3d7653f8b514
372,2026-03-21T11:42:42.955709+00:00,ETH-USD,match,2026-03-21T11:42:42.950847+00:00,787781962,95523891076,2155.68,0.00055551,sell,8ab417d3-a28f-4357-b991-bc8ae63e7dc7,96fbf5fc-9be6-44c2-b6b1-a72ef371d4dc
373,2026-03-21T11:42:43.170882+00:00,XRP-USD,match,2026-03-21T11:42:43.13963+00:00,222848468,19507625483,1.441,1e-05,sell,11bca9c9-bcfe-42e2-afce-fa12a55be610,47c09e13-0ee0-4136-b859-0b061109b151
374,2026-03-21T11:42:43.426221+00:00,BTC-USD,match,2026-03-21T11:42:43.335548+00:00,984891644,124587853212,70599.88,0.00020749,sell,370cb2c7-68f4-481e-b02e-216164528c23,484804b7-ed34-48ab-ab87-108515147327
375,2026-03-21T11:42:43.563515+00:00,BTC-USD,match,2026-03-21T11:42:43.335548+00:00,984891645,124587853214,70599.88,0.00048074,sell,43cfb3c7-b1ff-46a8-9e45-b17025c6fb8e,484804b7-ed34-48ab-ab87-108515147327
376,2026-03-21T11:42:43.563627+00:00,BTC-USD,match,2026-03-21T11:42:43.366857+00:00,984891646,124587853223,70599.88,0.00148809,sell,43cfb3c7-b1ff-46a8-9e45-b17025c6fb8e,ab7dd738-4e01-41df-b865-17821782e719
377,2026-03-21T11:42:43.56447+00:00,BTC-USD,match,2026-03-21T11:42:43.430921+00:00,984891647,124587853238,70599.88,0.00134343,sell,43cfb3c7-b1ff-46a8-9e45-b17025c6fb8e,4bf61d3a-0dc6-47d0-8a6d-7755d6125762
378,2026-03-21T11:42:43.564527+00:00,BTC-USD,match,2026-03-21T11:42:43.517157+00:00,984891648,124587853279,70599.88,4.4e-07,sell,43cfb3c7-b1ff-46a8-9e45-b17025c6fb8e,10d02062-d01c-46bf-b1a8-a1612c43ca51
379,2026-03-21T11:42:43.874179+00:00,SOL-USD,match,2026-03-21T11:42:43.870752+00:00,328330686,28295333700,89.94,0.33022015,sell,0e78a704-9ee3-43de-b4d4-2789cb66c907,32f5039a-1397-4aa3-8107-aa45c7de5301
380,2026-03-21T11:42:43.935595+00:00,XRP-USD,match,2026-03-21T11:42:43.931809+00:00,222848469,19507625532,1.441,1.88892,sell,11bca9c9-bcfe-42e2-afce-fa12a55be610,4c0e279e-3b78-47ac-bf0a-60693bdc6587
381,2026-03-21T11:42:44.463854+00:00,ETH-USD,match,2026-03-21T11:42:44.340694+00:00,787781963,95523891495,2155.68,0.00126279,sell,493c1369-09f7-4b24-92f0-f6a762954bca,821d3430-33ff-489a-a3ba-112fc6252240
382,2026-03-21T11:42:44.463936+00:00,BTC-USD,match,2026-03-21T11:42:44.371476+00:00,984891649,124587853454,70599.88,0.00014023,sell,43cfb3c7-b1ff-46a8-9e45-b17025c6fb8e,6dea69e8-2545-4833-a5eb-8d7e89106c0c
383,2026-03-21T11:42:44.463968+00:00,BTC-USD,match,2026-03-21T11:42:44.44471+00:00,984891650,124587853488,70599.88,0.00021034,sell,43cfb3c7-b1ff-46a8-9e45-b17025c6fb8e,2dbafedb-e8a8-4a8d-a153-72a4f4568442
384,2026-03-21T11:42:44.739493+00:00,BTC-USD,match,2026-03-21T11:42:44.703657+00:00,984891651,124587853646,70599.88,4.4e-07,sell,43cfb3c7-b1ff-46a8-9e45-b17025c6fb8e,8aefe449-67cd-49e0-8d3f-632452949382
385,2026-03-21T11:42:44.772512+00:00,ETH-USD,match,2026-03-21T11:42:44.767713+00:00,787781964,95523891640,2155.68,0.014473,sell,493c1369-09f7-4b24-92f0-f6a762954bca,309de4b4-8c72-461c-8b82-046bdc6a03e0
386,2026-03-21T11:42:45.140983+00:00,BTC-USD,match,2026-03-21T11:42:45.029242+00:00,984891652,124587853714,70599.88,0.00137647,sell,43cfb3c7-b1ff-46a8-9e45-b17025c6fb8e,c51bea6c-252e-4abb-90db-757d64e748bd
387,2026-03-21T11:42:45.511066+00:00,ETH-USD,match,2026-03-21T11:42:45.503061+00:00,787781965,95523891718,2155.67,0.00073967,buy,c27de41d-e53f-4032-9fde-84c02e2b55d5,4412259b-ea46-4faa-beef-9832ccf6dc9e
388,2026-03-21T11:42:45.638184+00:00,XRP-USD,match,2026-03-21T11:42:45.631303+00:00,222848470,19507625591,1.441,25.0,sell,11bca9c9-bcfe-42e2-afce-fa12a55be610,d72d2078-45e4-4788-bb31-9c06ebca14b4
389,2026-03-21T11:42:45.801568+00:00,XRP-USD,match,2026-03-21T11:42:45.797529+00:00,222848471,19507625605,1.4409,0.8,buy,a70bd168-f23b-4497-9775-ee78d54300c0,27242fb5-6bcd-4e15-81f9-5cd228485a80
390,2026-03-21T11:42:45.80172+00:00,XRP-USD,match,2026-03-21T11:42:45.797529+00:00,222848472,19507625607,1.4409,14.124051,buy,5a613980-c03d-4fd5-bb59-57ad61b69650,27242fb5-6bcd-4e15-81f9-5cd228485a80
391,2026-03-21T11:42:45.818391+00:00,SOL-USD,match,2026-03-21T11:42:45.814019+00:00,328330687,28295333815,89.94,0.23462673,sell,0e78a704-9ee3-43de-b4d4-2789cb66c907,a9ddebbe-21be-4022-9e50-61d250d16b35
392,2026-03-21T11:42:45.876411+00:00,BTC-USD,match,2026-03-21T11:42:45.868029+00:00,984891653,124587853829,70599.88,4.4e-07,sell,43cfb3c7-b1ff-46a8-9e45-b17025c6fb8e,5255fe00-154b-49b3-9b4e-453dee905caa
393,2026-03-21T11:42:46.141171+00:00,XRP-USD,match,2026-03-21T11:42:46.110081+00:00,222848473,19507625626,1.441,1e-05,sell,11bca9c9-bcfe-42e2-afce-fa12a55be610,1a11213f-095a-4523-ad8d-3dfb34b020fd
394,2026-03-21T11:42:46.44002+00:00,BTC-USD,match,2026-03-21T11:42:46.369446+00:00,984891654,124587853961,70599.88,0.00137645,sell,43cfb3c7-b1ff-46a8-9e45-b17025c6fb8e,9d44187b-2008-4d62-b7dd-bf01cad5486c
395,2026-03-21T11:42:47.159704+00:00,BTC-USD,match,2026-03-21T11:42:47.015322+00:00,984891655,124587854135,70599.88,4.4e-07,sell,43cfb3c7-b1ff-46a8-9e45-b17025c6fb8e,668b1276-12c1-4be7-b711-d8afd3210d0d
396,2026-03-21T11:42:47.924531+00:00,BTC-USD,match,2026-03-21T11:42:47.920134+00:00,984891656,124587854309,70599.88,0.00023149,sell,43cfb3c7-b1ff-46a8-9e45-b17025c6fb8e,9e08dfa0-885b-45b6-808a-3294b8dc12b4
397,2026-03-21T11:42:48.234188+00:00,BTC-USD,match,2026-03-21T11:42:48.229281+00:00,984891657,124587854360,70599.88,4.4e-07,sell,43cfb3c7-b1ff-46a8-9e45-b17025c6fb8e,810642e5-3a99-425a-9940-49f1215424a0
398,2026-03-21T11:42:48.451233+00:00,SOL-USD,match,2026-03-21T11:42:48.410024+00:00,328330688,28295333951,89.93,0.57441554,buy,58de56b2-db8e-4099-8410-ec14a794f867,abeb8698-6198-442e-91a2-96f95e0609ce
399,2026-03-21T11:42:48.451329+00:00,SOL-USD,match,2026-03-21T11:42:48.410024+00:00,328330689,28295333953,89.93,0.00066718,buy,2eb6a025-f787-4732-b76f-eab262ffaaa5,abeb8698-6198-442e-91a2-96f95e0609ce
400,2026-03-21T11:42:48.451365+00:00,SOL-USD,match,2026-03-21T11:42:48.410024+00:00,328330690,28295333955,89.93,0.00033359,buy,50b1607a-e182-4944-9dfc-19c99781a9f5,abeb8698-6198-442e-91a2-96f95e0609ce
401,2026-03-21T11:42:48.4514+00:00,SOL-USD,match,2026-03-21T11:42:48.410024+00:00,328330691,28295333957,89.93,21.48554532,buy,47d6f70b-49b5-4912-ac48-fc6d44999617,abeb8698-6198-442e-91a2-96f95e0609ce
402,2026-03-21T11:42:48.451426+00:00,SOL-USD,match,2026-03-21T11:42:48.410024+00:00,328330692,28295333959,89.93,0.00511508,buy,fc06f467-07a7-49f7-bd20-b5d51266eb94,abeb8698-6198-442e-91a2-96f95e0609ce
403,2026-03-21T11:42:48.451634+00:00,SOL-USD,match,2026-03-21T11:42:48.410024+00:00,328330693,28295333961,89.93,0.00255754,buy,a17dc907-5f0c-4ee2-838b-be5ac3c40947,abeb8698-6198-442e-91a2-96f95e0609ce
404,2026-03-21T11:42:48.451669+00:00,SOL-USD,match,2026-03-21T11:42:48.410024+00:00,328330694,28295333963,89.93,0.00133437,buy,35acd008-0d37-4dea-ac5a-2273ff06109c,abeb8698-6198-442e-91a2-96f95e0609ce
405,2026-03-21T11:42:48.451815+00:00,SOL-USD,match,2026-03-21T11:42:48.410024+00:00,328330695,28295333965,89.93,0.00066718,buy,ca9f0383-72e4-4e6e-9f9d-8e752289e6f4,abeb8698-6198-442e-91a2-96f95e0609ce
406,2026-03-21T11:42:48.451854+00:00,SOL-USD,match,2026-03-21T11:42:48.410024+00:00,328330696,28295333967,89.93,0.00033359,buy,b1ade13a-9e23-4ae7-aefc-d666cd358c31,abeb8698-6198-442e-91a2-96f95e0609ce
407,2026-03-21T11:42:48.451878+00:00,SOL-USD,match,2026-03-21T11:42:48.410024+00:00,328330697,28295333969,89.93,0.00511508,buy,c7ce44d9-f5cf-4e51-8375-bababe085810,abeb8698-6198-442e-91a2-96f95e0609ce
408,2026-03-21T11:42:48.451904+00:00,SOL-USD,match,2026-03-21T11:42:48.410024+00:00,328330698,28295333971,89.93,0.00255754,buy,0de42281-666c-408d-9b93-7245afe65d29,abeb8698-6198-442e-91a2-96f95e0609ce
409,2026-03-21T11:42:48.451929+00:00,SOL-USD,match,2026-03-21T11:42:48.410024+00:00,328330699,28295333973,89.93,0.00133437,buy,4d93c89c-8ad0-42a8-b92d-7e9a49b545fe,abeb8698-6198-442e-91a2-96f95e0609ce
410,2026-03-21T11:42:48.451986+00:00,SOL-USD,match,2026-03-21T11:42:48.410024+00:00,328330700,28295333975,89.93,0.00066718,buy,8be71e92-345e-4645-99a1-baf34e58f98a,abeb8698-6198-442e-91a2-96f95e0609ce
411,2026-03-21T11:42:48.452013+00:00,SOL-USD,match,2026-03-21T11:42:48.410024+00:00,328330701,28295333977,89.93,0.00033359,buy,a0429fbc-06e0-49ee-bb9f-82d8a2a9ec02,abeb8698-6198-442e-91a2-96f95e0609ce
412,2026-03-21T11:42:48.452037+00:00,SOL-USD,match,2026-03-21T11:42:48.410024+00:00,328330702,28295333979,89.93,0.00511508,buy,0b5d1e06-db06-44d9-86a5-52d093df9a5a,abeb8698-6198-442e-91a2-96f95e0609ce
413,2026-03-21T11:42:48.452061+00:00,SOL-USD,match,2026-03-21T11:42:48.410024+00:00,328330703,28295333981,89.93,0.00255754,buy,4f77d187-9d83-4b32-99f5-955ba52fd2fb,abeb8698-6198-442e-91a2-96f95e0609ce
414,2026-03-21T11:42:48.452081+00:00,SOL-USD,match,2026-03-21T11:42:48.410024+00:00,328330704,28295333983,89.93,0.00122317,buy,b934b7de-8364-4a82-a378-c50b3d7b64a3,abeb8698-6198-442e-91a2-96f95e0609ce
415,2026-03-21T11:42:48.452111+00:00,SOL-USD,match,2026-03-21T11:42:48.410024+00:00,328330705,28295333985,89.93,0.00066718,buy,44f3a86e-441f-426d-8592-e67658e25331,abeb8698-6198-442e-91a2-96f95e0609ce
416,2026-03-21T11:42:48.452133+00:00,SOL-USD,match,2026-03-21T11:42:48.410024+00:00,328330706,28295333987,89.93,0.00033359,buy,08694b10-7a59-4944-bae3-18463140b8b1,abeb8698-6198-442e-91a2-96f95e0609ce
417,2026-03-21T11:42:48.452181+00:00,SOL-USD,match,2026-03-21T11:42:48.410024+00:00,328330707,28295333989,89.93,0.00511508,buy,7819c977-f8e8-483b-b7cf-bef2f5ea7d28,abeb8698-6198-442e-91a2-96f95e0609ce
418,2026-03-21T11:42:48.452203+00:00,SOL-USD,match,2026-03-21T11:42:48.410024+00:00,328330708,28295333991,89.93,0.00255754,buy,2f4d7a98-7fde-4f13-9172-6ba36a005699,abeb8698-6198-442e-91a2-96f95e0609ce
419,2026-03-21T11:42:48.452225+00:00,SOL-USD,match,2026-03-21T11:42:48.410024+00:00,328330709,28295333993,89.93,0.00133437,buy,0a629d2a-7b19-400d-85e5-d978f5687003,abeb8698-6198-442e-91a2-96f95e0609ce
420,2026-03-21T11:42:48.45225+00:00,SOL-USD,match,2026-03-21T11:42:48.410024+00:00,328330710,28295333995,89.93,0.00066718,buy,285c36bb-ee4b-47bf-af08-4630f557ee2d,abeb8698-6198-442e-91a2-96f95e0609ce
421,2026-03-21T11:42:48.452342+00:00,SOL-USD,match,2026-03-21T11:42:48.410024+00:00,328330711,28295333997,89.93,0.00033359,buy,ad4b2fbc-14f8-4a63-b518-6545d596b9a1,abeb8698-6198-442e-91a2-96f95e0609ce
422,2026-03-21T11:42:48.905021+00:00,ETH-USD,match,2026-03-21T11:42:48.890948+00:00,787781966,95523892038,2155.68,0.00055556,sell,493c1369-09f7-4b24-92f0-f6a762954bca,2730e4d1-6d78-4e80-9c7c-2034e43189e5
423,2026-03-21T11:42:49.430139+00:00,XRP-USD,match,2026-03-21T11:42:49.302584+00:00,222848474,19507625724,1.441,1e-05,sell,11bca9c9-bcfe-42e2-afce-fa12a55be610,038a1eea-24fa-4cbd-b511-cc125d5a7a1d
424,2026-03-21T11:42:49.430225+00:00,BTC-USD,match,2026-03-21T11:42:49.391903+00:00,984891658,124587854647,70599.88,4.4e-07,sell,43cfb3c7-b1ff-46a8-9e45-b17025c6fb8e,86dbb477-41d2-4910-b99f-fa0abff1ae52
425,2026-03-21T11:42:49.430254+00:00,XRP-USD,match,2026-03-21T11:42:49.42153+00:00,222848475,19507625740,1.441,181.8544,sell,11bca9c9-bcfe-42e2-afce-fa12a55be610,0ad02aac-2e4e-433d-9eeb-ef4720249c00
426,2026-03-21T11:42:49.430335+00:00,XRP-USD,match,2026-03-21T11:42:49.42153+00:00,222848476,19507625742,1.441,68.194218,sell,9583a4e7-9012-404c-a0cb-57dd6df43294,0ad02aac-2e4e-433d-9eeb-ef4720249c00
427,2026-03-21T11:42:49.430553+00:00,XRP-USD,match,2026-03-21T11:42:49.42153+00:00,222848477,19507625744,1.441,128.990648,sell,a8c784b3-c108-4dde-a0bb-9402dd9f4d1c,0ad02aac-2e4e-433d-9eeb-ef4720249c00
428,2026-03-21T11:42:49.430582+00:00,XRP-USD,match,2026-03-21T11:42:49.42153+00:00,222848478,19507625746,1.441,752.817063,sell,3529af80-05df-401d-b024-491e21b3c5bc,0ad02aac-2e4e-433d-9eeb-ef4720249c00
429,2026-03-21T11:42:49.430625+00:00,XRP-USD,match,2026-03-21T11:42:49.42153+00:00,222848479,19507625748,1.441,3773.401417,sell,c8f3f3fd-3a08-4d1a-9420-527775def3a4,0ad02aac-2e4e-433d-9eeb-ef4720249c00
430,2026-03-21T11:42:49.484708+00:00,XRP-USD,match,2026-03-21T11:42:49.479593+00:00,222848480,19507625914,1.4411,68.194218,sell,24ff59c7-3f4d-451f-81eb-f1d249665030,308b417f-a11e-42c3-879e-ac9ea742762d
431,2026-03-21T11:42:49.588593+00:00,BTC-USD,match,2026-03-21T11:42:49.584466+00:00,984891659,124587854703,70599.87,7.082e-05,buy,c5fe30f3-d71b-44fb-b75a-46086d51f871,ce3a1641-2594-4edc-a6d2-373d30ecd852
432,2026-03-21T11:42:49.633192+00:00,BTC-USD,match,2026-03-21T11:42:49.625313+00:00,984891660,124587854751,70599.88,0.00014023,sell,43cfb3c7-b1ff-46a8-9e45-b17025c6fb8e,9c027835-3619-4e60-bf9e-702c1b8ec404
433,2026-03-21T11:42:49.926473+00:00,BTC-USD,match,2026-03-21T11:42:49.916569+00:00,984891661,124587854896,70599.88,0.03870989,sell,43cfb3c7-b1ff-46a8-9e45-b17025c6fb8e,5a3daabc-a301-4381-a532-c68648368e1e
434,2026-03-21T11:42:49.926558+00:00,BTC-USD,match,2026-03-21T11:42:49.916569+00:00,984891662,124587854898,70599.88,0.00502863,sell,fe730dc6-0a66-42ca-8f08-7492c4be6703,5a3daabc-a301-4381-a532-c68648368e1e
435,2026-03-21T11:42:49.926593+00:00,BTC-USD,match,2026-03-21T11:42:49.916569+00:00,984891663,124587854900,70599.88,0.04003887,sell,224bb081-65dc-417a-a475-996a3f0dc18b,5a3daabc-a301-4381-a532-c68648368e1e
436,2026-03-21T11:42:49.926622+00:00,BTC-USD,match,2026-03-21T11:42:49.916569+00:00,984891664,124587854902,70599.88,0.04979353,sell,cd683d27-8506-46bb-880c-84f9bfd4c8d4,5a3daabc-a301-4381-a532-c68648368e1e
437,2026-03-21T11:42:49.926647+00:00,BTC-USD,match,2026-03-21T11:42:49.916569+00:00,984891665,124587854904,70599.88,2.2e-07,sell,36869df9-048d-4b37-8d5d-15ace6f9ce42,5a3daabc-a301-4381-a532-c68648368e1e
438,2026-03-21T11:42:49.926677+00:00,BTC-USD,match,2026-03-21T11:42:49.916569+00:00,984891666,124587854906,70599.88,0.00533422,sell,d47db980-22be-47e1-9b37-6fbe2b19ee56,5a3daabc-a301-4381-a532-c68648368e1e
439,2026-03-21T11:42:50.143647+00:00,XRP-USD,match,2026-03-21T11:42:50.040008+00:00,222848481,19507626067,1.4412,0.8,sell,9c7507ed-4821-4424-874a-a910eff96320,c0f2de39-75d7-4cce-9f35-904300520af3
440,2026-03-21T11:42:50.143722+00:00,XRP-USD,match,2026-03-21T11:42:50.040008+00:00,222848482,19507626069,1.4412,68.194218,sell,94f4851d-547b-4ed1-b62c-9b83e2330c20,c0f2de39-75d7-4cce-9f35-904300520af3
441,2026-03-21T11:42:50.143751+00:00,XRP-USD,match,2026-03-21T11:42:50.133055+00:00,222848483,19507626101,1.4412,68.194218,sell,4fa980b3-8037-41ec-83c8-9394d1788eb4,d2787187-3e08-40fc-acb2-34993dc065b5
442,2026-03-21T11:42:50.269161+00:00,SOL-USD,match,2026-03-21T11:42:50.264884+00:00,328330712,28295334176,89.93,0.22014677,sell,abeb8698-6198-442e-91a2-96f95e0609ce,a1d8325c-c406-4a9a-9468-bf68df59dbfd
443,2026-03-21T11:42:50.489941+00:00,ETH-USD,match,2026-03-21T11:42:50.483894+00:00,787781967,95523892134,2155.67,0.00026033,buy,c27de41d-e53f-4032-9fde-84c02e2b55d5,c40d669c-a7f0-436b-a574-fd596c0b49b2
444,2026-03-21T11:42:50.490033+00:00,ETH-USD,match,2026-03-21T11:42:50.483894+00:00,787781968,95523892136,2155.67,0.0004175,buy,eba2da82-2d7a-4b15-b7f1-87fdf28b46c0,c40d669c-a7f0-436b-a574-fd596c0b49b2
445,2026-03-21T11:42:50.490072+00:00,ETH-USD,match,2026-03-21T11:42:50.483894+00:00,787781969,95523892138,2155.67,0.0012588,buy,5b26650a-ec6e-4737-ae87-adca73cf9adb,c40d669c-a7f0-436b-a574-fd596c0b49b2
446,2026-03-21T11:42:50.560146+00:00,BTC-USD,match,2026-03-21T11:42:50.555331+00:00,984891667,124587855017,70599.88,4.4e-07,sell,d47db980-22be-47e1-9b37-6fbe2b19ee56,7cbbecb1-2f05-40b8-b554-0b30c8d2f691
447,2026-03-21T11:42:51.212088+00:00,XRP-USD,match,2026-03-21T11:42:51.199754+00:00,222848484,19507626235,1.4412,68.194218,sell,e8468c66-f3ec-4df2-958b-4b59bb0c66b0,c25c7214-b083-4388-9558-97a88c56732e
448,2026-03-21T11:42:51.26691+00:00,XRP-USD,match,2026-03-21T11:42:51.262503+00:00,222848485,19507626274,1.4413,0.8,sell,12369c8f-c895-437b-9088-cc793bb87a7e,29ac8155-191b-4597-87fc-b3c0c09bb942
449,2026-03-21T11:42:51.26745+00:00,XRP-USD,match,2026-03-21T11:42:51.262503+00:00,222848486,19507626276,1.4413,50.857459,sell,b2ccd19b-3909-45ea-84da-f833a41b1826,29ac8155-191b-4597-87fc-b3c0c09bb942
450,2026-03-21T11:42:51.573224+00:00,XRP-USD,match,2026-03-21T11:42:51.568788+00:00,222848487,19507626300,1.4412,208.74335,buy,729207a3-d888-4873-b589-2e441b877e03,bf04f4c5-1dc3-4874-9f2b-1cf9c2948dbd
451,2026-03-21T11:42:51.574018+00:00,XRP-USD,match,2026-03-21T11:42:51.568788+00:00,222848488,19507626302,1.4412,68.194218,buy,2ca175a8-40ab-42e3-9940-e1017e4b61ac,bf04f4c5-1dc3-4874-9f2b-1cf9c2948dbd
452,2026-03-21T11:42:51.579092+00:00,XRP-USD,match,2026-03-21T11:42:51.575181+00:00,222848489,19507626321,1.4412,68.194218,buy,015a63ef-60aa-42f2-9ab2-e4a0af7fae2a,0adf2c55-d783-41dd-b013-c635c32d1b51
453,2026-03-21T11:42:51.585985+00:00,XRP-USD,match,2026-03-21T11:42:51.581681+00:00,222848490,19507626339,1.4412,68.194218,buy,00474809-88fe-43ea-bc7e-c840d6af5f6f,343ce1cf-c1e5-4efa-8ca7-a58cc773e6a6
454,2026-03-21T11:42:51.591982+00:00,XRP-USD,match,2026-03-21T11:42:51.587681+00:00,222848491,19507626350,1.4412,68.194218,buy,3873e0ff-0e5d-4f48-b1a9-e829476a5a92,72df434a-845b-4f51-ae70-40a60d7adcd1
455,2026-03-21T11:42:51.59806+00:00,XRP-USD,match,2026-03-21T11:42:51.593907+00:00,222848492,19507626356,1.4412,68.194218,buy,609a1c97-2613-4bda-bb51-37477ca8d77c,011407c2-8893-4a69-b0a1-780c00a9b96b
456,2026-03-21T11:42:51.628454+00:00,XRP-USD,match,2026-03-21T11:42:51.601043+00:00,222848493,19507626362,1.4412,68.194218,buy,553f26a1-f8aa-4972-b3e5-15b562ca53ad,2e604959-35da-403e-8892-15cfcaad4a6c
457,2026-03-21T11:42:51.628537+00:00,XRP-USD,match,2026-03-21T11:42:51.606633+00:00,222848494,19507626368,1.4412,68.194218,buy,9911842e-fab7-4f57-8ef6-c8c6dea1bc54,595ee216-3f03-4707-96af-a1bded2bc037
458,2026-03-21T11:42:51.628565+00:00,XRP-USD,match,2026-03-21T11:42:51.612778+00:00,222848495,19507626374,1.4412,68.194218,buy,ce61ae4b-2531-4873-baa0-b72148495174,fe3b3bad-25db-4d46-9a3e-6eb941feb83b
459,2026-03-21T11:42:51.629078+00:00,XRP-USD,match,2026-03-21T11:42:51.618568+00:00,222848496,19507626380,1.4412,68.194218,buy,3b46600d-781f-4a96-942c-49914430eb2c,0a3d6570-4541-4d67-896d-faf5d835930f
460,2026-03-21T11:42:51.629442+00:00,XRP-USD,match,2026-03-21T11:42:51.624703+00:00,222848497,19507626386,1.4412,68.194218,buy,96af3b80-b6cf-48e7-853e-7b7e0a236710,63abfebb-b4f9-4cac-90ca-b1f0128250cb
461,2026-03-21T11:42:51.639435+00:00,XRP-USD,match,2026-03-21T11:42:51.630613+00:00,222848498,19507626393,1.4412,68.194218,buy,12d9337e-f156-4d4e-92ac-67d3e1bfeda4,c0818bcb-3c9d-4680-9c4d-5b73782865c3
462,2026-03-21T11:42:51.640907+00:00,XRP-USD,match,2026-03-21T11:42:51.637404+00:00,222848499,19507626401,1.4412,68.194218,buy,190ac025-c2f9-4e40-8d83-476bb7f2d771,8920f6fb-4957-40f1-81fd-6780f3506183
463,2026-03-21T11:42:51.656206+00:00,XRP-USD,match,2026-03-21T11:42:51.646125+00:00,222848500,19507626408,1.4412,68.194218,buy,3cbc8c72-4a9f-461d-8278-bd50d1c327cf,1942b5ce-0e82-4042-82f4-0f103d6991aa
464,2026-03-21T11:42:51.664396+00:00,XRP-USD,match,2026-03-21T11:42:51.653183+00:00,222848501,19507626414,1.4412,68.194218,buy,13b5cc0e-22b5-4bdf-91b4-669fa0d41e7e,495dbf51-1292-4b85-ba3d-492376ecd46a
465,2026-03-21T11:42:51.677459+00:00,XRP-USD,match,2026-03-21T11:42:51.660077+00:00,222848502,19507626420,1.4412,68.194218,buy,72584af8-d82f-429e-af21-e2f0fdb4f643,dd7f3cbd-9d4d-45ec-b724-b74996e98652
466,2026-03-21T11:42:51.83477+00:00,XRP-USD,match,2026-03-21T11:42:51.667963+00:00,222848503,19507626426,1.4412,68.194218,buy,d0e6a67b-849d-4045-b6cd-95175b9ac0c3,b7956611-d814-4a05-ad37-2c336e3bccd5
467,2026-03-21T11:42:51.834841+00:00,XRP-USD,match,2026-03-21T11:42:51.675461+00:00,222848504,19507626432,1.4412,68.194218,buy,91a179c1-a38f-4f91-a92f-1d32f34e0bff,edb296ae-13a0-46f9-8c8e-3ecf5950562d
468,2026-03-21T11:42:51.834868+00:00,XRP-USD,match,2026-03-21T11:42:51.682374+00:00,222848505,19507626438,1.4412,68.194218,buy,c41cee87-1f0d-40a1-b3f6-838cf82c7c16,e90cd505-6a1c-4610-bb57-1d16bd6dfc08
469,2026-03-21T11:42:51.834892+00:00,BTC-USD,match,2026-03-21T11:42:51.719159+00:00,984891668,124587855383,70599.88,4.4e-07,sell,d47db980-22be-47e1-9b37-6fbe2b19ee56,7f088713-ea69-4cba-84dc-06c26c9c1c81
470,2026-03-21T11:42:52.45081+00:00,BTC-USD,match,2026-03-21T11:42:52.439975+00:00,984891669,124587855453,70599.87,0.00922055,buy,c5fe30f3-d71b-44fb-b75a-46086d51f871,aabe3927-a25d-444a-b9ee-6b14d848c3ad
471,2026-03-21T11:42:52.450952+00:00,BTC-USD,match,2026-03-21T11:42:52.439975+00:00,984891670,124587855455,70599.87,4.437e-05,buy,124250fc-7da4-479d-bfde-2edee66327bb,aabe3927-a25d-444a-b9ee-6b14d848c3ad
472,2026-03-21T11:42:52.450982+00:00,BTC-USD,match,2026-03-21T11:42:52.439975+00:00,984891671,124587855457,70599.87,4.016e-05,buy,50cf0305-018b-477c-a2f2-bb8c31df3796,aabe3927-a25d-444a-b9ee-6b14d848c3ad
473,2026-03-21T11:42:52.451024+00:00,BTC-USD,match,2026-03-21T11:42:52.439975+00:00,984891672,124587855459,70599.87,0.00344549,buy,b6cdfe70-68e5-435e-abc8-562f52c05b5f,aabe3927-a25d-444a-b9ee-6b14d848c3ad
474,2026-03-21T11:42:52.879903+00:00,BTC-USD,match,2026-03-21T11:42:52.869645+00:00,984891673,124587855568,70599.88,4.4e-07,sell,d47db980-22be-47e1-9b37-6fbe2b19ee56,f1eff6e7-a766-4993-942e-5d9f9bb9dfb3
475,2026-03-21T11:42:53.769493+00:00,XRP-USD,match,2026-03-21T11:42:53.763949+00:00,222848506,19507626745,1.4413,33.712065,sell,8a5788e0-0621-445c-a21a-593e2eb743fa,daada8c5-12f0-4cd5-b9aa-00e4b7c25060
476,2026-03-21T11:42:53.836167+00:00,BTC-USD,match,2026-03-21T11:42:53.83035+00:00,984891674,124587855763,70599.87,0.00158314,buy,b6cdfe70-68e5-435e-abc8-562f52c05b5f,c263876e-763b-4490-a911-3904301b0eb5
477,2026-03-21T11:42:53.836253+00:00,BTC-USD,match,2026-03-21T11:42:53.83035+00:00,984891675,124587855765,70599.87,2.677e-05,buy,5e5018e3-4eb0-42ab-9288-bb00eb65c06f,c263876e-763b-4490-a911-3904301b0eb5
478,2026-03-21T11:42:53.836281+00:00,BTC-USD,match,2026-03-21T11:42:53.83035+00:00,984891676,124587855767,70599.87,4.437e-05,buy,bcd90afe-4017-412b-a59d-7362390db5f1,c263876e-763b-4490-a911-3904301b0eb5
479,2026-03-21T11:42:53.836302+00:00,BTC-USD,match,2026-03-21T11:42:53.83035+00:00,984891677,124587855769,70599.87,0.0014215,buy,afd8fd85-d683-4678-902f-38bc28644ed6,c263876e-763b-4490-a911-3904301b0eb5
480,2026-03-21T11:42:54.138159+00:00,BTC-USD,match,2026-03-21T11:42:54.009769+00:00,984891678,124587855811,70599.87,2.2e-07,buy,afd8fd85-d683-4678-902f-38bc28644ed6,bdb9ec22-4203-45b1-b65b-447e8f0846f8
481,2026-03-21T11:42:54.309414+00:00,BTC-USD,match,2026-03-21T11:42:54.043818+00:00,984891679,124587855823,70599.88,4.4e-07,sell,d47db980-22be-47e1-9b37-6fbe2b19ee56,bc47d1b4-a26a-45c3-be94-edb641d5452d
482,2026-03-21T11:42:54.484574+00:00,BTC-USD,match,2026-03-21T11:42:54.477959+00:00,984891680,124587855878,70599.87,7.407e-05,buy,afd8fd85-d683-4678-902f-38bc28644ed6,5a860cd4-113a-4c8d-b63e-1d0e42a8821c
483,2026-03-21T11:42:54.947437+00:00,ETH-USD,match,2026-03-21T11:42:54.94247+00:00,787781970,95523892669,2155.68,0.00055556,sell,493c1369-09f7-4b24-92f0-f6a762954bca,bca15c1d-7470-452d-8ac9-7a73fc3e0867
484,2026-03-21T11:42:55.179647+00:00,XRP-USD,match,2026-03-21T11:42:55.133138+00:00,222848507,19507627097,1.4414,1e-05,sell,fe1be746-7ba7-41b8-afbe-806e9f8f704e,020fdd13-1a0c-46ba-8e6b-928fab177f77
485,2026-03-21T11:42:55.25195+00:00,BTC-USD,match,2026-03-21T11:42:55.245599+00:00,984891681,124587855990,70599.88,4.4e-07,sell,d47db980-22be-47e1-9b37-6fbe2b19ee56,6695d88b-7917-49e9-9eda-5bd986089ffe
486,2026-03-21T11:42:55.91099+00:00,BTC-USD,match,2026-03-21T11:42:55.905386+00:00,984891682,124587856097,70599.88,0.00049079,sell,d47db980-22be-47e1-9b37-6fbe2b19ee56,1c88de13-75bb-45d9-9b85-4d4e6cdedfc4
487,2026-03-21T11:42:56.458768+00:00,BTC-USD,match,2026-03-21T11:42:56.358395+00:00,984891683,124587856135,70599.88,4.4e-07,sell,d47db980-22be-47e1-9b37-6fbe2b19ee56,6f8a4401-15d8-4b48-90d0-f4d9b043d214
488,2026-03-21T11:42:57.516357+00:00,BTC-USD,match,2026-03-21T11:42:57.509596+00:00,984891684,124587856297,70599.88,4.4e-07,sell,d47db980-22be-47e1-9b37-6fbe2b19ee56,f27e50c5-c62a-4b2c-a84e-441fa0a97b04
489,2026-03-21T11:42:57.526325+00:00,ETH-USD,match,2026-03-21T11:42:57.521659+00:00,787781971,95523892791,2155.68,0.07669037,sell,493c1369-09f7-4b24-92f0-f6a762954bca,c6784523-6988-4c92-94f3-4b8f8fe974b3
490,2026-03-21T11:42:57.526409+00:00,ETH-USD,match,2026-03-21T11:42:57.521659+00:00,787781972,95523892793,2155.68,0.15049063,sell,3796cd11-265c-47eb-9055-c64c66208e55,c6784523-6988-4c92-94f3-4b8f8fe974b3
491,2026-03-21T11:42:57.725078+00:00,XRP-USD,match,2026-03-21T11:42:57.717026+00:00,222848508,19507627333,1.4414,1e-05,sell,fe1be746-7ba7-41b8-afbe-806e9f8f704e,2932e302-dc9c-493f-8a2a-3576303def48
492,2026-03-21T11:42:58.044393+00:00,SOL-USD,match,2026-03-21T11:42:57.937577+00:00,328330713,28295334735,89.93,0.14845078,sell,abeb8698-6198-442e-91a2-96f95e0609ce,24acc718-a4e1-40ea-b6bd-9b40a57984ab
493,2026-03-21T11:42:58.338829+00:00,BTC-USD,match,2026-03-21T11:42:58.285631+00:00,984891685,124587856706,70599.88,0.00133005,sell,d47db980-22be-47e1-9b37-6fbe2b19ee56,2624adcb-be81-49e6-9424-459b70a71809
494,2026-03-21T11:42:58.661048+00:00,BTC-USD,match,2026-03-21T11:42:58.65587+00:00,984891686,124587856786,70599.88,4.4e-07,sell,d47db980-22be-47e1-9b37-6fbe2b19ee56,91270fca-21c4-469a-ae77-7bcd5a2a745f
